2976 5356
443 377 600 444 croix.
629 378 752 463 (rara
778 378 889 444 rin.
913 380 977 464 1)..
1263 378 1304 442 41

90 573 176 637 quos
190 551 250 617 illa
262 551 435 631 delectant,
445 573 511 617 non
521 552 614 617 valde
629 550 753 617 inimici
768 575 888 633 sumus,
899 552 1005 618 nescio
1020 574 1062 616 an
1074 551 1307 637 ignoscendum

94 656 137 720 sit
159 654 249 735 huic,
275 655 303 720 si
325 659 419 720 tanto
442 676 537 740 opere
563 654 707 720 laborat:
734 655 769 720 in
793 679 857 741 quo
883 656 981 721 etiam
1010 655 1037 719 si
1060 659 1180 739 peceat,
1202 654 1308 740 magis

94 758 230 843 ineptiis
253 780 352 843 quam
378 757 585 842 improbitate
614 763 732 843 peccat.
789 760 820 823 5.
844 759 909 825 Sed
933 782 975 823 ne
998 758 1308 844 plura—dicendum

92 861 186 927 enim
212 862 389 947 aliquando
415 861 727 948 est-Pomponium
750 863 900 929 Atticum
926 864 970 929 sie
994 885 1076 941 amc,
1102 867 1140 927 ut
1168 862 1307 927 alterum

97 965 252 1031 fratrem:
275 965 359 1029 nihil
374 970 421 1031 est
436 965 493 1030 illo
507 966 590 1030 mihi
604 989 663 1031 nec
678 966 782 1031 carius
797 990 856 1032 nec
870 967 1052 1032 iucundius.
1083 965 1229 1031 Is—non
1244 988 1307 1050 quo

95 1069 139 1133 sit
154 1090 196 1133 ex
211 1067 302 1132 istis:
326 1076 373 1132 est
389 1068 476 1135 enim
491 1069 580 1133 omni
594 1067 720 1134 liberali
736 1071 882 1135 doctrina
892 1071 1120 1157 politissimus:
1144 1070 1200 1134 sed
1213 1069 1308 1134 valde

92 1171 209 1257 diligit
221 1170 408 1252 Patronem,
420 1172 515 1236 valde
530 1171 717 1237 Phaedrum
732 1164 941 1239 amavit-sic
957 1197 976 1238 a
991 1195 1043 1238 me
1057 1171 1117 1237 hoc
1131 1172 1308 1251 contendit,

96 1276 195 1340 homo
218 1275 355 1340 minime
378 1274 577 1354 ambitiosus,
600 1276 736 1341 minime
760 1277 795 1340 in
819 1279 964 1364 rogando
988 1277 1151 1355 molestus,
1172 1279 1210 1340 ut
1225 1275 1309 1340 nihil

94 1400 256 1464 umquam
278 1378 402 1465 magis3
427 1401 486 1443 nec
511 1378 641 1443 dubitat
670 1379 750 1464 quin
774 1403 834 1466 ego
858 1403 878 1445 a
904 1385 937 1446 te
960 1385 1044 1446 nutu
1070 1379 1129 1445 hoo
1158 1381 1310 1464 consequi

95 1504 235 1569 possem,
263 1484 361 1548 etiam
384 1482 413 1547 si
438 1483 662 1548 aedificaturus
687 1505 778 1550 esses.
824 1483 922 1549 Nunc
946 1506 1032 1564 vero,
1057 1483 1085 1548 si
1109 1482 1247 1547 audierit
1275 1487 1309 1547 te

91 1586 355 1652 aedificationem
397 1586 579 1670 deposuisse
619 1609 724 1672 neque
764 1592 874 1652 tamen
907 1610 959 1652 me
989 1610 1009 1651 a
1044 1591 1077 1651 te
1111 1585 1308 1670 impetrasse,

95 1711 165 1755 non
180 1694 215 1756 te
229 1689 265 1754 in
280 1712 332 1755 me
347 1689 548 1768 illiberalem,
561 1691 617 1754 sed
631 1713 684 1769 me
698 1690 733 1755 in
749 1713 782 1756 se
796 1691 1023 1776 neglegentem
1038 1688 1176 1776 putabit.
1201 1687 1309 1759 Quam

93 1792 140 1858 ob
156 1815 227 1858 rem
246 1798 321 1878 peto
338 1816 358 1857 a
372 1800 415 1871 te,
430 1798 469 1858 ut
488 1792 606 1858 scribas
627 1795 669 1859 ad
684 1799 756 1859 tuos
774 1816 865 1880 posse
885 1799 943 1859 tua
957 1794 1124 1859 voluntate
1146 1794 1309 1858 decretum

95 1895 184 1961 illud
197 1895 481 1983 Areopagitarum,
492 1919 588 1988 quern
599 1897 938 1981 ὑπομνηματισμὸνὶΙῙὶ
947 1902 1072 1974 vocant,
1082 1896 1163 1961 tolli.
1190 1897 1220 1959 6.
1244 1895 1311 1961 sed

96 2001 197 2066 redeo
215 2001 258 2065 ad
277 2001 393 2085 primo.
438 1999 534 2065 Prius
554 2000 652 2066 velim
672 2001 734 2067 tibi
755 2003 1011 2087 persuadebant
1035 2001 1095 2065 hoc
1119 2022 1192 2064 mea
1215 2022 1310 2064 causa

95 2103 241 2169 libenter
254 2103 354 2168 facias
368 2125 466 2187 quam
480 2110 518 2169 ut
531 2103 641 2170 facias.
698 2104 751 2170 Sic
765 2110 875 2170 tamen
889 2105 1025 2170 habeto:
1049 2104 1077 2170 si
1090 2103 1203 2169 feceris
1223 2103 1309 2188 quod

96 2228 193 2292 rogo,
209 2205 278 2272 fore
293 2207 375 2271 mihi
390 2206 620 2291 gratissimum.
665 2206 758 2274 Vale.

134 2395 157 2440 ai
174 2398 242 2440 lanto
258 2408 326 2453 opera
343 2393 446 2457 laborat]
471 2393 555 2444 ‘since
570 2395 602 2443 he
618 2394 640 2444 is
656 2410 683 2444 so
731 2397 828 2456 palicas
846 2411 916 2456 qaam
931 2397 1074 2443 velocissima
1086 2395 1158 2443 iubet.

96 2473 162 2520 very
174 2457 320 2506 anxious&
766 2459 916 2525 stabilimus]
952 2459 1161 2522 ‘seli-scehing‘:
1190 2460 1307 2518 saolsslus,

135 2520 248 2587 ineptiis]
260 2521 359 2586 ‘iolly’z
371 2523 530 2582 improbitate,
541 2523 681 2588 ‘knavery’
736 2524 935 2587 ‘importunata'

136 2589 160 2636 5.
178 2589 208 2636 Is
227 2624 233 2635 .
254 2624 260 2635 .
281 2623 288 2635 .
306 2586 408 2652 ornavit]
444 2587 683 2652 ‘He‚nctasbeing
766 2591 903 2637 illiberalem
960 2588 1022 2637 This
1045 2589 1067 2637 is
1089 2605 1104 2636 a
1125 2594 1209 2650 strong
1230 2587 1306 2648 word,

95 2667 150 2701 one
168 2651 198 2700 of
218 2651 262 2700 the
279 2651 431 2714 Epicuream
455 2653 504 2715 (for
522 2653 554 2702 hc
576 2656 597 2702 is
619 2662 683 2702 most
736 2652 878 2716 ‘impolita'
947 2661 1039 2703 csttoo
1055 2663 1140 2716 strong
1159 2656 1197 2701 sor
1215 2652 1310 2700 sncha

96 2715 193 2780 highly
201 2715 370 2765 cultivatcdin
380 2732 454 2780 every
461 2718 552 2766 branch
561 2721 588 2766 of
597 2717 682 2766 libeml
733 2718 871 2783 cautiously
884 2718 983 2766 written
993 2718 1074 2766 letter.
1106 2717 1132 2765 11
1144 2718 1213 2765 reads
1224 2717 1309 2765 inlibe-

98 2782 160 2830 rtud
187 2788 257 2845 3yet
271 2782 315 2830 has
331 2797 346 2829 a
362 2789 430 2844 great
442 2789 531 2831 astcem
546 2784 587 2830 for
597 2783 680 2842 Patro,
733 2787 815 2831 ralem.
851 2783 929 2832 Conld
942 2784 984 2832 tho
1000 2783 1066 2846 right
1077 2783 1177 2845 reading
1189 2783 1219 2830 be
1230 2785 1310 2830 minus

98 2797 682 2909 andhsdagreatloveforl’haedrus),hasso
733 2848 869 2895 liberalem?
906 2847 960 2895 The
970 2848 1067 2912 symbol
1077 2848 1117 2896 for
1127 2845 1310 2910 rniaslaisvary

96 2909 246 2974 masily,'
255 2912 300 2960 irc.
324 2910 424 2959 Forthe
433 2911 563 2960 differenee
571 2912 682 2961 between
732 2911 782 2960 like
794 2916 820 2959 in
832 2917 881 2973 (se-e
893 2912 1021 2972 Chassant,
1035 2928 1059 2973 p.
1073 2915 1124 2973 54).

100 2991 184 3024 aaran
200 2975 249 3023 and
264 2978 372 3038 diliycrc,
391 2990 430 3024 sce
447 2976 493 3038 Ep.
508 2977 587 3025 cxciv.
601 2980 625 3025 2.
659 2978 682 3024 A
767 2976 995 3042 ὑπομνηματισμὸν]
1025 2977 1078 3025 'l'hc
1099 2978 1196 3025 dearces
1217 2974 1245 3023 of
1266 2974 1310 3024 tho

100 3055 161 3089 man
177 3039 206 3088 oi
221 3040 320 3089 culture
336 3040 419 3088 would
431 3041 462 3089 bo
477 3041 633 3090 ashamcdto
648 3041 684 3089 let
732 3042 875 3104 Areopagus
894 3042 943 3089 had
965 3042 1015 3090 this
1032 3057 1117 3090 name:
1143 3058 1181 3103 op.
1206 3039 1306 3088 QLA.

100 3104 205 3154 himself
213 3104 397 3154 beconsidered
408 3105 595 3169 anEpicurean.
629 3105 682 3154 The
732 3105 769 3154 iii.
783 3108 839 3166 806,
853 3109 909 3166 843,
924 3107 967 3155 &a
1002 3106 1034 3154 In
1048 3106 1091 3154 tha
1105 3105 1165 3153 time
1181 3106 1209 3153 of
1224 3104 1310 3153 Cicero

101 3169 216 3219 unoouth
226 3170 292 3234 style
303 3170 331 3218 of
345 3170 388 3218 the
400 3171 551 3233 Epieureans
560 3186 610 3218 was
621 3169 682 3218 such
733 3169 775 3218 the
782 3171 924 3233 Areopagus
931 3187 982 3220 was
990 3171 1032 3219 the
1041 3170 1107 3219 chief
1115 3168 1310 3218 administrativa

100 3234 159 3284 that
170 3234 257 3284 Cicero
268 3235 351 3297 (Tusa
361 3235 388 3282 ii.
399 3236 424 3299 7)
436 3235 545 3283 remarks
555 3235 611 3283 that
618 3234 683 3283 their
733 3234 798 3298 body
809 3235 837 3282 in
847 3236 956 3284 Athens:
970 3251 1009 3297 ep.
1022 3235 1081 3284 Nat.
1096 3234 1169 3284 Deos.
1182 3234 1210 3282 ii.
1224 3237 1268 3292 73;
1282 3241 1309 3281 ul

101 3299 181 3349 books
191 3313 256 3348 ware
267 3302 321 3347 said
330 3306 356 3347 to
368 3301 398 3348 be
411 3299 438 3348 in
453 3299 536 3348 Latin.
571 3298 611 3347 He
623 3315 680 3347 cen·
733 3302 754 3346 ss'
776 3302 830 3361 quis
851 3303 915 3348 dicat
936 3302 1122 3348 Alisinensium
1143 3300 1310 3360 rempublicam

100 3380 174 3414 aures
189 3364 259 3413 thern
275 3380 302 3413 as
318 3365 366 3413 bad
381 3364 525 3413 translators
543 3363 624 3427 (Fam.
637 3379 680 3411 xv.
733 3367 828 3412 carsilis
846 3368 905 3426 rapi,
925 3368 986 3412 desit
1004 3368 1066 3413 illud
1084 3364 1250 3426 ‘Areopaqsh
1275 3365 1310 3410 sio

105 3432 144 3488 19,
163 3428 199 3494 2).
253 3428 339 3478 Cicero
360 3429 438 3492 really
456 3429 528 3477 could
549 3444 625 3477 nevar
643 3444 683 3476 sec
733 3444 784 3475 culn
796 3431 896 3477 dicimus
902 3432 1054 3490 providentia
1069 3432 1182 3477 trissadorio
1193 3430 1308 3476 alaniam-

99 3510 154 3558 any
164 3493 268 3558 literniy
281 3494 369 3558 ability
385 3495 412 3542 in
425 3510 474 3558 any
486 3494 626 3556 Epicurean
637 3509 681 3541 ex·
735 3496 798 3541 irari
809 3496 883 3541 deesse
894 3496 1026 3541 arbitrator
1039 3494 1167 3542 ‘deorsam’
1195 3492 1310 3541 Onsome

96 3565 160 3622 cept
176 3558 311 3619 Phaedms,
330 3559 378 3606 and
394 3559 499 3622 perhaps
515 3558 681 3607 Philodemus.
733 3557 761 3605 of
776 3558 808 3606 its
824 3558 959 3618 functione,
978 3558 1072 3608 besides
1085 3559 1128 3608 the
1144 3556 1255 3622 judicial,
1269 3572 1309 3606 ses

103 3622 278 3673 Ostienses
293 3623 325 3672 he
340 3639 404 3687 says,
419 3623 469 3672 Pis.
484 3626 528 3674 70:
548 3624 592 3670 Est
605 3629 682 3670 autem
734 3622 838 3683 Gilhert,
875 3625 1024 3673 omeliam
1059 3623 1307 3680 Slaalsaltertluimcr,

103 3688 154 3748 aa,
167 3691 196 3737 ds
207 3704 252 3750 qno
266 3691 354 3750 loquor,
368 3704 415 3736 noa
429 3689 583 3748 philosophia
596 3689 680 3747 solum,
732 3686 751 3736 i.
766 3692 811 3736 160
823 3689 850 3737 ff.

103 3753 683 3815 udeliamlitteria,qaodscrccelerosEpicureos
766 3757 789 3800 6.
808 3755 882 3801 Prius
896 3755 966 3802 celim
985 3791 991 3802 .
1012 3791 1018 3802 .
1039 3790 1045 3801 .
1062 3750 1241 3816 arctissimum]
1278 3749 1308 3798 ‘I

103 3821 222 3880 scyllam
242 3820 333 3877 dicrlat,
353 3820 496 3878 perpolitus.
541 3817 594 3866 'she
616 3816 683 3865 chief
733 3817 823 3866 should
841 3819 915 3867 much
935 3819 1018 3868 rather
1035 3818 1098 3867 have
1115 3834 1164 3882 you
1184 3817 1256 3865 malso
1275 3831 1309 3878 up

101 3883 176 3945 point
193 3883 221 3931 in
239 3882 362 3946 Epicurus
379 3882 461 3931 which
480 3897 557 3931 seems
576 3888 602 3931 to
619 3882 683 3930 have
734 3898 797 3946 your
818 3883 887 3931 mind
906 3891 932 3932 to
951 3884 982 3931 do
1001 3883 1051 3932 this
1070 3882 1187 3945 cordially
1205 3881 1245 3929 for
1266 3895 1309 3944 my

104 3947 190 3997 struck
201 3947 339 4004 Quintilian
352 3948 374 3996 is
385 3948 424 3996 his
433 3947 547 4011 hostility
555 3953 581 3996 to
597 3946 683 3996 liberal
733 3947 791 3996 sake
806 3947 868 3996 than
879 3948 972 4012 merely
982 3947 1054 3997 make
1070 3964 1103 4010 up
1120 3963 1183 4011 your
1199 3945 1267 3994 mind
1283 3950 1310 3994 tc

104 4012 244 4075 dunstan,
268 4030 321 4074 aa.
341 4011 369 4061 ii.
396 4016 435 4072 17,
457 4013 495 4069 lb,
515 4013 621 4071 spasmo
640 4015 682 4073 qui
733 4013 764 4061 do
780 4011 809 4060 it.
844 4011 977 4072 However‚
990 4012 1033 4062 the
1049 4012 1108 4075 long
1118 4013 1167 4060 and
1182 4011 1225 4059 the
1241 4009 1310 4059 short

103 4080 247 4140 diatpliaas
263 4094 340 4126 omma
351 4077 442 4140 sapit:
459 4077 503 4126 xii.
523 4082 547 4138 ’1,
567 4080 607 4138 24,
621 4078 681 4137 Epi·
731 4077 760 4125 oi
775 4076 797 4124 it
812 4076 841 4136 is,
855 4077 878 4125 it'
892 4092 941 4140 you
958 4084 1030 4140 grant
1044 4093 1087 4141 my
1102 4082 1201 4140 requast
1216 4074 1230 4124 I
1246 4073 1310 4125 shall

101 4159 177 4194 m
187 4146 230 4207 qai
240 4144 331 4208 supere
341 4157 430 4191 omnm
440 4144 593 4203 discpilinam
613 4145 680 4190 nam'·
732 4141 763 4191 be
778 4142 911 4206 extremely
924 4142 1041 4206 grateful’
1056 4143 1105 4207 (cp.
1120 4143 1130 4206 t
1144 4145 1179 4203 2).
