2976 5356
136 854 201 920 aaa
481 850 711 920 cerrum.
738 850 855 935 (aar.
886 852 945 919 1⁷1.
967 852 1016 933 a).

138 1026 275 1112 denique
289 1027 376 1093 malo
390 1025 426 1093 in
440 1024 524 1091 hane
542 1029 668 1111 partem
687 1047 803 1104 errare,
823 1029 862 1091 ut
876 1047 959 1111 quae
973 1047 1040 1091 non
1054 1023 1218 1092 desideres
1232 1024 1354 1090 audias

34 1193 37 1199 ,
137 1153 235 1216 quam
250 1132 427 1217 quidquam
442 1130 529 1215 quod
550 1151 630 1215 opus
651 1129 695 1195 sit
715 1128 1003 1214 praetermittatur.
1048 1128 1125 1196 Tibi
1138 1150 1237 1195 aurae
1248 1127 1352 1195 ariao

137 1235 178 1300 de
193 1234 333 1300 Sittiano
347 1233 478 1319 negotio
493 1234 630 1317 gaudeo.
675 1232 750 1313 Sed,
766 1232 921 1319 quoniam
939 1232 1248 1319 cephaleniam
1260 1236 1353 1299 certa

137 1338 201 1404 fide
215 1360 268 1405 eos
282 1359 342 1403 ease
357 1360 429 1420 quoa
443 1336 506 1403 tibi
520 1335 605 1418 misi,
621 1342 666 1416 tu,
682 1341 850 1422 tamquam
864 1340 1061 1423 procurator,
1076 1335 1122 1403 sie
1136 1358 1217 1423 agas
1232 1357 1327 1423 rogo.

241 1751 466 1820 conxvrrr.
513 1750 683 1819 cronno
705 1750 765 1818 ao
787 1749 989 1818 anricus
1013 1751 1109 1837 (Aa.
1133 1774 1182 1819 vr.
1206 1757 1253 1838 r).

435 1981 466 2025 a.
484 1979 518 2024 u.
535 1978 562 2024 c.
579 1975 647 2035 ⁷⁰43
672 1978 702 2022 a.
719 1978 746 2023 o.
763 1975 814 2037 5⁰3
839 1977 914 2022 aar.
931 1978 992 2022 erc.
1008 1978 1050 2027 sc.

187 2153 225 2204 Μ.
239 2153 324 2204 Cicero
335 2152 420 2204 Attico
430 2152 553 2203 scribitis
564 2151 668 2202 Tarsum
685 2150 782 2202 venisse
798 2157 824 2202 at
839 2168 896 2202 eum
912 2152 943 2202 da
954 2151 1010 2202 aliis
1020 2152 1094 2202 rebus
1104 2157 1159 2202 turn
1169 2152 1201 2202 de
1213 2167 1246 2203 eo
1255 2151 1356 2203 collid-

138 2240 193 2285 tum
208 2251 267 2295 aeae,
287 2250 360 2300 quera
376 2233 517 2299 provinciae
533 2232 660 2297 praeficiat
676 2233 704 2283 in
723 2233 824 2284 decessu
841 2250 895 2294 suo,
917 2233 940 2283 ai
959 2233 1043 2283 omnia
1061 2249 1114 2294 sua,
1130 2233 1233 2298 quando
1245 2233 1355 2285 Romam

138 2317 242 2377 venerit,
264 2317 426 2378 commendat,
446 2318 477 2367 da
494 2332 521 2366 re
542 2332 588 2366 sua
605 2314 733 2376 familiari,
753 2330 829 2380 qnam
849 2314 962 2379 sequenti
980 2314 1084 2378 epistola
1105 2314 1207 2365 uberius
1230 2314 1357 2380 explieat,

138 2399 322 2463 avrrmdrcpoa
339 2397 439 2449 Graecia
455 2397 537 2448 verbis
553 2395 648 2447 scribit.
683 2395 749 2447 Data
764 2395 869 2460 epistola
885 2400 923 2445 est
939 2394 1025 2446 Tarso.

554 2560 684 2617 CICERO
703 2560 835 2615 ATTICO
854 2560 931 2614 SAL.

208 2712 236 2775 1.
261 2709 398 2774 Tarsum
423 2710 569 2775 venimus
591 2709 696 2775 Nonis
718 2709 834 2774 Iuniis.
882 2708 936 2774 Ibi
955 2731 1007 2773 me
1027 2708 1132 2773 multa
1152 2714 1355 2773 moverunt:

141 2836 298 2899 magnum
313 2815 348 2878 in
364 2814 460 2898 Syria
475 2813 606 2893 bellum,
629 2835 750 2898 magna
770 2813 807 2877 in
829 2811 943 2877 Cilicia
964 2811 1142 2890 latrocinia,
1165 2811 1251 2876 mihi
1266 2812 1352 2876 diffi-

140 2918 210 2983 cilis
225 2919 307 2982 ratio
325 2917 583 2997 administrandi,
600 2917 686 3002 quod
700 2938 818 3002 paucos
832 2915 900 2979 dies
914 2914 1073 2980 habebam
1090 2915 1233 3000 reliquos
1248 2916 1352 2981 annui

140 3021 293 3099 muneris,
309 3022 393 3085 illud
409 3026 517 3086 autem
540 3021 784 3085 difficillimum:
808 3019 1039 3104 relinquendus
1065 3023 1133 3085 erat
1153 3042 1195 3083 ex
1218 3024 1354 3085 senatus

141 3126 287 3189 consulto
303 3125 359 3209 qui
374 3128 541 3209 praeesset.
586 3124 682 3189 Nihil
701 3125 809 3189 minus
830 3122 960 3207 probari
979 3127 1104 3208 poterat
1119 3145 1219 3208 quam
1235 3145 1350 3208 quaes·

141 3233 192 3293 tor
210 3228 395 3293 Mescinius.
440 3227 529 3293 Nam
552 3229 593 3293 de
615 3227 724 3293 Caelio
746 3227 830 3292 nihil
852 3226 1071 3292 audiebamus.
1116 3226 1349 3292 Rectissimum

142 3331 312 3395 videbatur
336 3330 376 3400 Q.
401 3333 534 3395 fratrem
554 3353 628 3396 cum
652 3331 786 3416 imperio
810 3331 1007 3415 relinquere:
1030 3332 1065 3395 in
1080 3353 1144 3416 quo
1159 3331 1267 3395 multa
1282 3351 1349 3395 mo·

141 3435 233 3513 leste,
250 3435 404 3499 discessus
418 3440 535 3513 noster,
550 3432 824 3519 bellipericulum,
840 3436 982 3500 militum
991 3434 1189 3519 improbitas,
1206 3438 1351 3499 sescenta

142 3544 316 3622 praeterea.
363 3538 475 3603 Orem
491 3543 593 3604 totam
609 3538 771 3602 odiosam!
808 3537 872 3604 Sed
886 3538 965 3604 haec
979 3539 1110 3604 fortuna
1124 3538 1255 3617 viderit,
1271 3561 1349 3625 quo·

142 3642 231 3706 niam
257 3642 389 3707 oonsilio
418 3665 484 3707 non
514 3643 654 3707 multum
683 3643 732 3706 uti
761 3642 845 3707 licet.
891 3643 921 3706 2.
954 3641 1016 3719 Tu,
1048 3643 1176 3726 quando
1208 3641 1348 3708 Romam

143 3819 274 3885 following
285 3820 406 3884 genitivos
424 3821 485 3870 with
503 3824 654 3896 expletiones,
675 3837 720 3896 nor
804 3819 1024 3895 Sittiuaoncqotio]
1052 3836 1091 3883 cp.
1113 3819 1184 3869 Fam.
1204 3820 1260 3871 viii.
1281 3824 1305 3871 2.
1324 3825 1349 3882 2,

143 3885 720 4013 iiiiiiriiiioh:Jiiiglgbsiidliihiirunixeziiobiibiis·
772 3885 975 4011 Epsefflwmm
995 3987 1000 3998 .
1017 3987 1022 3998 .
1039 3986 1044 3998 .
1063 3947 1129 4014 rogo]
1165 3949 1350 4015 Ifwegivenp

144 4022 167 4062 et
173 4017 292 4077 siccarum
304 4023 326 4063 et
339 4020 483 4075 ineptiarum
501 4023 631 4063 ceterarum
646 4017 721 4076 phara
772 4015 815 4063 the
826 4031 872 4064 uss
883 4015 985 4078 reading
997 4030 1033 4062 eoa
1047 4017 1090 4062 tibi
1102 4018 1163 4062 visos
1174 4015 1272 4078 (which
1284 4024 1350 4065 must

144 4080 213 4127 lohet
226 4084 334 4129 inrclilia.
372 4082 421 4129 ltut
432 4081 459 4129 in
470 4080 509 4128 his
520 4081 609 4129 second
628 4080 721 4129 edition
772 4080 803 4128 be
813 4080 888 4127 taken
900 4095 926 4128 as
942 4103 960 4120 =
974 4081 1041 4143 aare),
1059 4095 1085 4127 as
1099 4079 1174 4142 being
1187 4087 1231 4129 too
1247 4081 1349 4130 careless

142 4143 175 4192 ha
192 4146 269 4205 reads,
287 4163 313 4194 as
328 4146 354 4194 in
369 4146 412 4195 tha
427 4152 489 4206 text,
506 4162 532 4194 sa
543 4145 594 4208 ‘ing
608 4145 663 4193 that
678 4144 722 4194 the
773 4160 835 4193 even
851 4145 892 4192 for
903 4143 1008 4205 Caelius,
1023 4160 1061 4193 we
1072 4151 1139 4193 must
1154 4143 1219 4194 have
1237 4160 1350 4194 reoourae

144 4225 247 4273 passage
262 4212 336 4259 neede
354 4213 497 4260 correction.
533 4163 641 4273 i'erhaps
660 4209 682 4260 it
699 4209 720 4258 is
773 4214 799 4257 to
817 4209 860 4257 the
882 4208 1029 4258 corrections
1049 4208 1128 4257 either
1147 4208 1175 4257 oi
1195 4208 1350 4274 Wesenberg

143 4274 197 4336 just
216 4275 321 4336 possible
337 4276 390 4324 that
408 4276 450 4324 the
468 4277 529 4335 ἅπαξ
542 4276 669 4338 εἰρημένον
680 4292 720 4323 ca·
775 4275 839 4335 (Ena.
864 4275 919 4337 112)
939 4276 1068 4333 auspicaris
1088 4311 1093 4322 .
1115 4311 1120 4322 .
1142 4311 1148 4322 .
1167 4290 1205 4322 eos
1222 4290 1272 4322 erre
1293 4291 1349 4338 quoa

141 4340 258 4398 plosioucs
279 4340 299 4387 is
320 4357 412 4402 wrong,
434 4341 481 4388 aad
506 4340 561 4387 that
588 4339 720 4402 originally
771 4340 892 4399 tibimiri,
906 4338 1019 4387 orKlotz
1034 4337 1090 4402 (Ed.
1105 4340 1138 4400 l),
1152 4341 1347 4399 accpiter-ia...

145 4402 214 4451 thare
234 4405 303 4453 stood
324 4405 462 4467 something
482 4404 532 4453 lilre
553 4406 660 4452 ludorum
677 4421 718 4452 ex·
770 4404 927 4464 eorqiroetibi
939 4405 1003 4462 nihi,
1017 4420 1078 4450 iteca.
1112 4401 1161 4451 We
1168 4403 1234 4453 have
1245 4404 1349 4468 adopted

142 4470 264 4527 placorem
276 4473 433 4529 expositiones
445 4469 531 4532 l‘long
548 4469 683 4531 accounts')
697 4476 719 4516 ct
771 4467 813 4517 the
825 4468 925 4516 former.
945 4467 992 4516 We
1004 4467 1150 4516 shouldalso
1165 4468 1215 4517 add
1227 4476 1255 4517 tu
1265 4468 1351 4518 bolom

139 4532 257 4595 jurantem
276 4542 298 4580 et
318 4537 465 4594 ineptiarum
481 4542 609 4581 ceterarum
620 4551 629 4582 .·
645 4536 719 4594 plura
773 4539 886 4595 tanquam
898 4539 924 4581 to
935 4539 1020 4596 getan
1031 4532 1171 4595 opposition
1182 4539 1210 4582 to
1221 4549 1267 4581 toa.

146 4596 204 4643 hate
217 4605 293 4645 taram
302 4602 374 4646 utilia
387 4599 455 4662 (ube
467 4605 563 4661 greater
573 4606 627 4661 part
640 4598 667 4646 of
677 4598 720 4647 the

144 4677 213 4710 news
225 4662 251 4711 in
263 4663 306 4713 the
315 4665 453 4721 document,
464 4663 584 4724 however,
606 4680 646 4712 'ou
653 4670 720 4712 must
807 4667 829 4711 l.
847 4661 1002 4724 Mescinium]
1020 4661 1073 4710 Ata.
1082 4660 1117 4710 vi.
1128 4664 1152 4722 3,
1166 4666 1188 4722 l,
1198 4661 1249 4726 Ep.
1257 4662 1347 4713 cclxiv,

146 4726 257 4775 consider
275 4729 394 4791 uscful').
429 4727 477 4777 We
494 4728 567 4777 think
616 4744 655 4776 esc
672 4727 720 4777 last
772 4727 822 4777 For
831 4727 929 4776 Caelius
940 4742 980 4775 see
991 4726 1025 4774 vi.
1040 4731 1063 4785 ⁴2,
1078 4730 1116 4787 10,
1130 4726 1179 4789 Ep.
1192 4727 1267 4777 cclvi.

146 4789 371 4842 iourwordstobe
387 4792 572 4842 asneartethe
587 4808 634 4841 use
644 4794 720 4853 pluro
803 4792 927 4855 discessus]
970 4791 1142 4854 ‘separation'
1173 4807 1200 4841 as
1223 4791 1251 4841 in
1273 4791 1348 4842 Taso.

146 4856 214 4904 lubet
233 4864 260 4904 ut
288 4860 331 4906 illc
353 4875 380 4907 as
408 4858 526 4908 Schiitz’s
552 4859 629 4918 plura
652 4858 719 4905 latet
771 4857 788 4905 i.
803 4858 851 4915 'll;
873 4856 1034 4920 ‘departure'
1049 4855 1177 4906 istheiar
1193 4872 1262 4908 more
1278 4856 1350 4907 usual

135 4922 239 4984 sutilia.
771 4922 895 4985 meaning.
