2976 5356
421 346 606 414 cccxxi.
634 347 757 432 (riri
789 347 890 412 Vm.
913 346 983 432 ιε).
1238 349 1303 414 225

192 744 380 812 CCLXXI.
425 743 629 811 OAELIUS
652 742 710 810 ΤΟ
734 742 904 811 CICERO
928 744 1029 827 (Fau.
1053 766 1127 810 v111.
1154 748 1207 831 13).

324 942 435 1000 sorem
458 942 491 986 A.
507 942 541 986 U.
558 943 586 986 C·
603 937 672 1000 704;
696 941 726 985 B.
744 941 771 985 c.
788 940 840 998 503
866 940 1075 990 ΑΕΤ.010.66.

151 1103 297 1154 Gratulatur
307 1101 344 1152 M.
357 1101 455 1151 Caelius
466 1101 503 1151 M.
517 1101 629 1151 Ciceroni
639 1102 670 1151 dc
679 1101 807 1152 adfinitate
816 1102 966 1163 Dolabellae,
975 1103 1018 1168 qui
1029 1103 1107 1153 filiam
1117 1103 1171 1153 eiua
1181 1103 1209 1153 in
1219 1105 1305 1153 matri·

65 1181 212 1236 *aonium
222 1186 335 1245 duxerat,
347 1190 432 1233 narrat
442 1184 472 1233 de
482 1183 655 1234 intercessione
667 1182 781 1233 canonia
798 1191 824 1233 et
839 1184 870 1233 dc
885 1184 1019 1248 provinciis
1030 1185 1090 1250 quid
1101 1192 1184 1236 actum
1195 1185 1228 1236 ait
1238 1194 1265 1236 et
1275 1186 1305 1236 de

60 1254 398 1319 Quomnnoanimum
408 1270 505 1330 agente.
1141 1302 1151 1361 ί,

509 1419 665 1476 cennos
682 1419 856 1476 CICERONI
874 1420 901 1475 S.

169 1566 199 1629 l.
225 1561 379 1629 Gratulor
399 1560 460 1627 tibi
480 1559 682 1626 adfinitatem
702 1559 764 1626 viri
785 1582 837 1625 me
856 1561 929 1626 dius
951 1561 1047 1628 fidius
1070 1562 1206 1649 optimi:
1229 1586 1307 1629 nam

58 1652 163 1737 boc
192 1689 255 1754 ego
279 1668 320 1732 de
344 1666 401 1730 illc
423 1664 581 1730 existimo.
628 1663 741 1729 Cetera
765 1686 870 1750 porro,
897 1664 1013 1749 quibus
1039 1666 1143 1731 adhuc
1169 1666 1224 1731 ille
1246 1667 1308 1733 sibi

63 1784 222 1859 parum
235 1769 325 1836 utilia
338 1768 414 1847 fuit,
430 1771 462 1833 et
476 1771 582 1833 aetate
596 1767 663 1833 iam
679 1771 756 1832 sunt
770 1769 902 1835 decuma
917 1775 949 1835 ct
964 1770 1194 1835 consuetudine
1210 1774 1307 1856 atque

68 1873 295 1943 auctoritate
309 1876 377 1952 tua,
392 1871 513 1957 pudore
533 1869 670 1951 Tulliae,
693 1870 720 1935 si
742 1892 807 1957 qua
827 1873 1005 1952 restabunt,
1021 1873 1146 1939 confido
1162 1873 1308 1942 celeriter

75 1978 270 2047 nablatnm
283 1976 333 2041 iri.
378 1974 456 2040 Non
478 1977 527 2039 est
548 1973 635 2039 enim
655 1995 790 2061 pugnax
811 1975 847 2040 in
866 1977 953 2041 vitiis
973 1999 1077 2061 neque
1094 1976 1190 2042 hebes
1205 1977 1247 2041 ad
1262 1977 1307 2056 id,

75 2082 192 2171 quod
205 2080 322 2146 melina
335 2082 393 2156 est,
409 2077 680 2162 intellegendum.
724 2076 863 2158 Deinde,
879 2080 965 2165 quod
979 2081 1158 2145 maximum
1173 2085 1231 2160 est,
1247 2103 1308 2167 ego

79 2187 198 2255 illum
223 2183 316 2249 valde
340 2202 422 2247 amo.
468 2182 498 2245 2.
522 2179 631 2260 Voles,
664 2179 783 2260 Oicer0,
811 2180 984 2248 Curionem
1013 2189 1158 2248 nostrum
1181 2176 1308 2250 lautum

83 2285 337 2357 intercessionis
358 2287 399 2351 de
416 2284 589 2370 provinciis
612 2285 737 2350 exitum
756 2284 915 2351 habuisse.
960 2285 1049 2351 Nam
1070 2308 1144 2352 cum
1158 2291 1193 2351 de
1208 2287 1307 2352 inter-

87 2393 243 2461 caesione
256 2389 439 2467 referretur,
455 2410 538 2473 quae
559 2387 673 2454 relatio
689 2386 787 2453 fiebat
806 2411 846 2453 cx
866 2393 996 2454 senatus
1017 2389 1171 2468 consulto,
1186 2389 1307 2476 prima·

90 2518 166 2585 qne
192 2494 241 2560 Μ.
268 2492 416 2559 Marcelli
440 2491 600 2557 sententia
621 2492 832 2577 pronuntiata
853 2495 945 2571 esset,
968 2493 1025 2578 qui
1048 2495 1212 2579 agendum
1235 2516 1309 2559 cum

98 2598 245 2669 tribunis
259 2598 302 2683 pl.
319 2594 476 2674 censebat,
492 2595 644 2680 frequens
658 2600 788 2661 senatus
803 2596 839 2661 in
853 2596 917 2660 alia
933 2596 1043 2661 omnia
1057 2597 1105 2661 iit.
1137 2594 1309 2662 Stomacho

104 2709 155 2771 eet
168 2701 306 2793 [scilicet
319 2697 510 2785 Pompeius]
524 2698 667 2784 Magnus
682 2721 769 2763 nunc
783 2699 830 2764 ita
843 2699 1024 2786 languenti,
1040 2704 1077 2764 ut
1092 2698 1147 2763 vix
1162 2698 1207 2779 id,
1223 2701 1309 2783 quod

107 2805 169 2875 eibi
182 2806 318 2893 placeat,
333 2803 481 2888 reperiat.
527 2800 737 2867 Transierant
750 2802 838 2882 illue,
860 2803 1018 2867 rationem
1033 2824 1093 2867 ecce
1107 2802 1175 2866 eius
1189 2801 1311 2868 haben·

143 2982 165 3029 l.
182 2975 246 3041 cire]
280 2972 416 3035 Dolabella,
438 2971 494 3021 who
511 2971 559 3020 had
578 2971 683 3021 married
732 2971 794 3029 via,
807 2971 898 3022 thatin
910 2973 1308 3038 ordertoarcrtwarnccmpro-

108 3042 199 3095 mig,
733 3036 794 3085 mise
808 3036 897 3086 ahculd
909 3038 938 3087 be
950 3038 1052 3087 affected
1067 3038 1129 3087 with
1145 3039 1241 3101 Caesar,
1259 3042 1309 3089 and

139 3109 186 3158 riti
211 3120 299 3167 parram
326 3104 396 3151 atilio
417 3100 486 3167 scit]
533 3100 684 3150 ‘aomewhat
732 3101 788 3151 that
800 3100 898 3151 Ourio'a
908 3104 1021 3166 propccnl
1032 3120 1083 3151 war
1095 3119 1154 3167 very
1166 3104 1223 3154 fair.

108 3172 227 3236 dnmged
241 3169 282 3219 hia
298 3166 444 3218 character.’
766 3167 986 3231 inalwomm'ar'r't]
1011 3167 1312 3234 ‘voteddirectlyagainat

138 3235 246 3300 uarro]
277 3234 392 3282 eeeAdn.
406 3230 479 3290 crit,
494 3229 573 3279 ‘bavo
583 3227 684 3295 already
733 3229 802 3279 this!

108 3303 215 3420 mpod
225 3315 298 3363 away
308 3297 373 3347 from
384 3311 495 3360 progrcaa
505 3294 533 3344 cf
543 3293 621 3356 timc,'
633 3294 684 3344 like
766 3296 889 3344 Stomacho
900 3295 947 3362 ert]
967 3296 1016 3346 ‘So
1027 3295 1114 3346 flaccid
1125 3297 1169 3347 bae
1181 3314 1227 3346 our
1237 3296 1309 3361 Mag·

132 3368 140 3381 '
168 3364 328 3417 eradicares.
733 3376 781 3408 nur
796 3360 895 3409 become
912 3364 939 3409 in
954 3367 1005 3411 tem
1036 3369 1132 3412 rament
1146 3363 1201 3411 that
1216 3362 1247 3411 he
1264 3377 1310 3410 can

135 3428 248 3541 paderni,
280 3432 355 3490 ‘pure
379 3425 520 3487 examplc’:
535 3438 635 3485 pugnax
657 3424 685 3471 tn
734 3425 842 3490 scarcely
854 3425 965 3474 discover
982 3442 1005 3475 w
1039 3427 1094 3475 tho
1110 3427 1207 3475 warte!
1249 3426 1311 3476 Thia

108 3498 184 3555 miii,
200 3500 230 3545 ‘c
248 3491 561 3555 rtimtelyretonacourac
570 3488 598 3537 oi
608 3487 681 3537 viee!
734 3496 849 3539 sentence
861 3490 943 3539 would
954 3506 1022 3539 come
1033 3490 1059 3539 in
1071 3492 1152 3541 better
1167 3492 1232 3540 after
1248 3494 1308 3538 reri·

138 3556 284 3622 meliorest]
317 3555 371 3604 The
385 3553 501 3618 ordinary
513 3552 623 3616 reading,
636 3568 683 3601 me·
735 3555 796 3603 bam.
831 3554 970 3617 Pompeiua’
994 3555 1079 3604 illncaa
1100 3572 1178 3605 reema
1199 3563 1226 3605 to
1247 3555 1311 3605 have

110 3628 157 3677 aar
167 3628 208 3685 rit,
222 3620 343 3687 probably
357 3635 426 3669 arose
442 3618 507 3667 from
522 3621 616 3665 varitiae
626 3634 635 3666 :
652 3632 685 3667 nc
735 3618 904 3682 considerably
921 3620 1049 3670 eniecbled
1065 3619 1126 3679 him,
1144 3621 1193 3670 and
1210 3620 1242 3669 hc
1261 3635 1312 3669 war

108 3695 214 3743 account
223 3704 270 3738 can
281 3687 312 3736 bo
323 3684 396 3748 given
408 3683 435 3733 of
445 3683 489 3732 the
499 3682 667 3731 aub'unetivc.
734 3689 779 3732 not
796 3689 839 3748 yet
858 3684 927 3747 quite
945 3686 1074 3734 recovered
1094 3685 1309 3749 (νοσηλευόμενος,

140 3760 166 3807 2.
191 3755 258 3805 Voles
277 3788 283 3799 .
304 3787 311 3799 .
331 3786 337 3799 .
356 3748 464 3797 labaim
510 3752 517 3775 ⁴
550 3746 685 3796 ouwillbe
734 3750 800 3811 App.
814 3747 877 3797 Bell.
891 3750 944 3798 Oiv.
957 3748 985 3797 ii.
999 3752 1050 3811 28),

108 3820 214 3871 anxious
223 3817 331 3868 tolcam
341 3814 396 3863 that
407 3829 452 3862 our
474 3811 544 3860 ricnd
555 3809 630 3859 curio
640 3811 685 3860 hoa
771 3813 940 3880 Transierant]
952 3816 987 3863 At
995 3815 1037 3863 the
1045 3813 1180 3877 beginning
1189 3816 1217 3863 os
1223 3812 1311 3862 March

109 3885 158 3937 bad
179 3884 241 3935 cuch
261 3896 277 3930 a
295 3878 406 3928 brilliant
424 3876 498 3925 finale
519 3883 545 3924 to
567 3874 606 3924 hia
628 3881 686 3924 veto
736 3875 1312 3941 Curiohadvctoedtbopropcsalthatcaeaar

109 3950 187 4001 about
192 3949 238 3999 tha
245 3943 401 4019 provinces).
418 3944 483 3990 l'oler
491 3940 512 3989 ia
521 3940 684 3999 constructcd,
735 3941 824 3991 should
835 3942 866 3991 bc
876 3943 989 4056 raguirad
1006 3952 1032 3992 to
1048 3943 1090 4006 lay
1102 3945 1175 4018 down
1190 3943 1229 3992 hic
1242 3958 1309 3993 corn·

108 4006 684 4137 ⁸0⁸,mitt,‘lffzlltttttt'ttt
735 4007 818 4120 diti
828 4022 869 4120 3¹¹
869 4007 903 4121 lo
918 4007 1219 4135 mittit?
1219 4022 1312 4122 {1532

108 4142 308 4207 morafiam,
328 4138 358 4187 ⁴1
371 4137 435 4199 hope
451 4132 686 4184 thatlahalllcarn
736 4151 803 4185 rame
821 4136 893 4199 (App.
913 4136 973 4185 Bell.
993 4136 1047 4187 biv.
1067 4140 1119 4199 27).
1154 4137 1207 4186 The
1223 4140 1314 4186 matter

109 4210 166 4259 tbat
189 4223 227 4258 we
248 4206 313 4254 bave
338 4201 426 4252 settled
448 4200 491 4249 the
513 4204 602 4247 matter
624 4198 686 4247 with
736 4201 845 4264 dragged
860 4215 893 4249 on
908 4200 948 4250 tor
964 4216 1031 4250 rome
1047 4202 1156 4252 months.
1190 4200 1256 4251 Now
1271 4201 1314 4251 the

111 4271 256 4337 cmim’
309 4267 356 4315 We
387 4271 453 4314 must
488 4277 592 4326 ruppoee
631 4262 687 4313 that
738 4264 1315 4318 Consulmorcdthatcuricahouldbotreated

110 4338 212 4391 Caelina
234 4332 376 4386 oonaidcrcd
392 4331 448 4380 that
465 4327 551 4377 Cicero
574 4326 622 4375 hod
644 4328 687 4378 the
737 4329 1112 4390 vithtowithdrawhiaveto;
1130 4333 1179 4381 and
1194 4331 1222 4380 in
1235 4346 1313 4394 nega·

109 4390 684 4467 nmeopinionaactbemajcrityctthodonate,
736 4393 1314 4461 cungthatmoconthesenetecaeliumys.

210 4494 325 4535 voum.
1166 4478 1190 4537 Q
