2976 5356
504 381 661 448 ooxrr.
689 382 813 466 (aar.
836 382 917 449 rr.
941 384 988 467 a).
1307 384 1349 448 ar

136 595 219 641 eura
233 571 339 658 magis
353 575 387 637 et
402 571 574 657 diligentia
589 593 687 657 quam
702 572 860 637 faaultate
878 576 911 638 et
931 572 1022 658 eopia
1036 573 1212 639 eonstituta
1226 574 1350 640 nuntii·

137 698 205 765 qne
231 680 265 741 et
289 676 418 741 litterae
440 676 481 740 de
508 675 593 741 bello
620 698 639 740 a
665 674 797 740 Parthis
822 675 858 740 in
884 675 1084 761 provinciam
1105 674 1234 762 Syriam
1259 677 1351 743 illato

138 780 260 847 ootidie
275 780 343 845 fere
358 778 572 858 adferrentur,
582 779 645 844 iter
659 779 742 844 mihi
756 778 943 844 laciendum
957 801 1016 865 per
1029 778 1230 865 Lyoaoniam
1246 784 1279 846 et
1292 803 1352 868 per

139 882 275 950 Isauros
297 886 330 948 et
349 904 408 967 per
429 881 666 967 Cappadociam
689 883 863 948 arbitratus
885 905 967 949 sum.
1012 883 1096 949 Erat
1117 885 1206 950 enim
1229 907 1352 972 magna

139 987 282 1075 suspicio
296 985 445 1065 Parthos,
460 987 488 1051 si
503 1009 543 1051 ex
558 984 654 1071 Syria
670 986 781 1072 egredi
797 990 894 1072 atque
913 987 1090 1072 irrumpere
1107 988 1142 1053 in
1157 1011 1264 1054 meam
1278 1011 1351 1076 pro-

139 1090 285 1156 vinoiam
306 1095 507 1169 narrarentur,
534 1090 597 1155 iter
620 1112 673 1156 eos
693 1113 751 1175 per
777 1089 1025 1175 Cappadociam,
1046 1091 1133 1176 quod
1153 1113 1192 1156 ea
1211 1093 1353 1159 maxime

139 1198 280 1281 pateret,
308 1216 375 1260 esse
399 1193 549 1259 facturos.
596 1194 627 1258 2.
652 1193 771 1279 Itaque
793 1215 867 1258 oum
889 1193 1032 1259 exercitu
1053 1216 1111 1279 per
1133 1193 1353 1281 Cappadooiaa

139 1302 271 1384 partem
285 1319 368 1376 eam,
384 1319 467 1382 qnae
485 1319 559 1361 eum
577 1295 690 1362 Cilicia
713 1296 883 1362 continens
902 1299 960 1374 est,
976 1296 1038 1362 iter
1052 1297 1117 1362 feei
1131 1302 1297 1384 castraque
1311 1300 1354 1364 ad

139 1400 308 1487 Cybistra,
324 1402 411 1486 quod
429 1401 586 1486 oppidum
606 1405 655 1466 est
675 1400 718 1466 ad
732 1404 876 1466 montem
892 1399 1047 1479 Taurum,
1067 1401 1182 1482 looavi,
1200 1406 1239 1467 ut
1252 1401 1353 1468 Arta·

137 1505 266 1585 rasdes,
284 1528 343 1569 rex
357 1504 543 1585 Armenius,
559 1527 760 1589 quocumque
778 1504 887 1569 animo
906 1507 998 1582 esset,
1018 1504 1112 1570 soiret
1127 1527 1193 1570 non
1207 1507 1319 1591 prooul
1333 1529 1354 1572 a

138 1609 212 1675 suis
227 1606 348 1674 finibus
363 1608 539 1673 exereitum
562 1607 675 1694 populi
695 1607 839 1673 Romani
854 1630 921 1673 esse
944 1611 977 1673 et
991 1606 1193 1688 Deiotarum,
1209 1609 1354 1676 fidelissi·

138 1734 237 1779 mum
257 1733 369 1798 regem
385 1715 482 1796 atque
497 1712 727 1776 amicissimum
748 1712 795 1777 rei
810 1711 958 1797 publicae
972 1716 1110 1791 nostrae,
1125 1712 1265 1778 maxime
1280 1736 1354 1780 oon·

139 1817 296 1882 innatum
316 1814 478 1895 haberem,
501 1816 592 1882 ouius
613 1821 647 1882 et
668 1815 801 1881 oonsilio
820 1821 853 1881 et
876 1815 989 1901 opibus
1011 1815 1159 1881 adiuvari
1181 1821 1289 1901 posset
1304 1840 1356 1883 res

140 1918 286 2005 publiea.
332 1920 363 1983 3.
393 1918 467 1990 Quo
493 1941 567 1984 oum
590 1919 627 1985 in
650 1919 720 1985 loeo
745 1924 851 1985 eastra
873 1918 1026 1984 haberem
1051 1919 1294 2005 equitatumque
1320 1921 1356 1986 in

139 2022 294 2089 Cilioiam
309 2022 479 2102 misissem,
496 2026 535 2088 ut
553 2027 586 2088 et
607 2045 699 2088 meus
718 2024 878 2089 adrentus
891 2023 932 2088 iis
954 2022 1148 2102 civitatibus,
1165 2046 1247 2108 quae
1267 2025 1303 2090 in
1318 2047 1357 2090 ea

140 2130 238 2209 parte
261 2131 377 2205 essent,
402 2125 574 2192 nuntiatus
599 2126 757 2192 firmiores
779 2126 905 2192 animos
927 2126 1073 2191 omnium
1096 2126 1217 2192 faceret
1240 2131 1274 2193 et
1295 2151 1356 2215 ego

142 2234 274 2296 mature
295 2229 375 2314 quid
398 2233 548 2315 ageretur
568 2230 605 2295 in
626 2229 724 2315 Syria
745 2230 824 2295 seire
846 2251 981 2315 possem,
1004 2234 1133 2315 tempus
1155 2230 1223 2295 eius
1245 2231 1356 2311 tridui,

143 2333 235 2420 qnod
258 2332 295 2398 in
314 2333 356 2398 iis
382 2332 494 2398 eastris
517 2331 677 2414 morabar,
697 2334 733 2399 in
753 2355 874 2420 magno
893 2333 994 2399 offioio
1018 2339 1050 2398 et
1076 2333 1252 2399 necessario
1276 2334 1358 2400 mihi

143 2438 335 2525 ponendum
354 2437 478 2522 putavi.
525 2439 555 2502 4.
581 2436 664 2502 Cum
684 2436 773 2502 enim
792 2440 899 2501 vestra
921 2435 1095 2501 auotoritas
1117 2436 1356 2518 interaessisset,

143 2544 185 2608 nt
207 2562 270 2627 ego
292 2562 404 2626 regem
425 2539 679 2606 Ariobarzanem
700 2538 864 2605 Eusebem
886 2542 918 2604 et
940 2537 1224 2605 Philorhomaeum
1246 2543 1355 2607 tuerer

142 2645 280 2730 eiusque
297 2643 385 2730 regis
406 2643 554 2724 salutern,
576 2643 897 2728 ineolumitatemque
920 2642 1015 2727 regni
1041 2642 1259 2723 defenderem,
1286 2644 1357 2731 regi

143 2768 314 2836 regnoque
342 2747 502 2833 praesidio
531 2769 643 2828 essem,
681 2745 973 2830 adiunxissetisque
1006 2745 1143 2811 salutem
1175 2746 1244 2812 eius
1272 2748 1358 2834 regis

143 2973 230 3089 ὥ]
246 2973 327 3088 dt·
340 2973 729 3088 ⁰¹³³⁰⁰tl⁹t¹¹⁰rmll¹¹¹¹·²fl.⁰l
796 2972 914 3087 usae
928 2972 1360 3090 tthaltwht‘tffioeloffil‘

144 3104 192 3154 uo
208 3055 256 3153 ris·
272 3054 678 3167 laffiil'anrlhllgl
691 3119 728 3152 we
779 3103 826 3165 sp.
850 3055 989 3177 laxare
1027 3055 1111 3152 saal
1112 3056 1169 3152 ⁸'1v.
1198 3055 1277 3166 ise,
1305 3076 1357 3169 ’irps

145 3167 346 3233 mightporsibly
357 3169 415 3217 read
424 3184 458 3229 ro,
469 3168 598 3218 ‘thither'
779 3183 912 3216 oexxxrm.

180 3236 208 3283 2.
224 3231 359 3298 warram]
412 3232 574 3297 ‘adJ‘oining’
620 3231 726 3291 Nonius,
811 3236 836 3279 4.
855 3247 907 3279 oum
930 3233 993 3279 onim
1011 3237 1090 3280 vestra
1125 3268 1131 3280 .
1167 3269 1174 3281 .
1211 3269 1218 3282 .
1252 3235 1358 3283 adiunx-

146 3298 207 3358 274,
220 3300 244 3360 ³,
257 3304 345 3362 quotes
355 3296 399 3347 the
408 3303 507 3360 present
516 3312 618 3361 passage
628 3296 669 3346 for
679 3296 729 3345 this
779 3295 869 3360 tractis]
905 3296 960 3344 ‘lor
980 3295 1064 3359 owing
1084 3303 1111 3345 to
1127 3296 1171 3346 the
1192 3296 1359 3349 intervention

146 3361 275 3426 ming.
779 3359 806 3409 of
821 3375 886 3424 your
905 3359 995 3409 formal
1016 3359 1150 3410 resolution
1171 3361 1228 3412 that
1262 3400 1268 3412 .
1305 3400 1312 3412 .
1349 3401 1355 3412 .

179 3424 348 3501 Annaea]
379 3425 412 3476 So
428 3425 581 3490 Wesenberg
597 3425 687 3475 wishes
702 3433 729 3474 to
779 3425 828 3473 and
839 3440 904 3489 your
914 3424 1024 3487 adding*
1038 3425 1083 3474 dra.

146 3491 215 3553 md,
240 3506 384 3555 eompanng
400 3493 559 3552 Artaxerxes,
578 3492 726 3552 Artapatar,
812 3490 917 3538 Euareten
934 3496 957 3537 st
975 3490 1195 3557 Philorhomaeum]
1229 3491 1290 3541 This
1307 3507 1360 3542 was

146 3557 297 3632 Ambarros,
327 3557 380 3631 dra..
422 3554 459 3605 Το
483 3555 653 3631 ξιιὰςφὶτρω
686 3554 729 3604 the
779 3552 1358 3630 adamassem(toa-712=oa-42nc.).

147 3619 730 3760 mttttttlltltllhltt
779 3619 1160 3759 disllhdllsspllllinl,
1175 3620 1360 3748 iht'ssleliffi

145 3750 204 3815 jain
218 3749 322 3800 himselt
338 3755 372 3800 lo.
407 3749 456 3800 Hrs
472 3755 544 3799 sister
556 3766 607 3800 was
624 3750 685 3799 wife
703 3755 730 3799 to
780 3753 803 3809 2,
818 3752 841 3809 7,
860 3748 1016 3824 Ep.edv1.;
1035 3752 1058 3824 β,
1081 3751 1105 3810 6,
1125 3749 1173 3813 Ep.
1193 3750 1282 3801 cclxiv.
1317 3750 1360 3800 He

148 3815 252 3875 Orodes,
264 3814 309 3864 tha
320 3813 439 3863 Parthian
448 3813 518 3877 king,
536 3814 607 3863 Fam.
620 3830 662 3863 xv.
676 3816 727 3873 3,1
779 3814 847 3862 sided
864 3813 926 3862 with
943 3811 1073 3876 Pompeius
1090 3815 1187 3879 against
1205 3817 1293 3878 Caesar,
1313 3816 1360 3866 but

147 3878 374 3943 Bp.ooxii.11is
392 3879 513 3942 daughter
529 3894 581 3928 was
601 3877 730 3927 betrothed
779 3877 856 3927 sofar
866 3877 931 3926 from
941 3876 1056 3940 beingde
1087 3879 1180 3929 'redet
1192 3880 1359 3944 hiskingdom

147 3942 446 4003 toamofDeiotanrs,
459 3959 475 3992 a
488 3941 730 3992 firnrfriendotthe
780 3941 863 4006 bytho
871 3940 951 4001 latter,
961 3941 1046 4005 hogot
1118 3959 1144 3992 er
1154 3945 1271 3994 Armenia
1281 3946 1360 3995 added

148 4006 269 4068 Romans,
281 4009 335 4057 Aa.
346 4023 373 4057 r.
386 4010 426 4068 21,
440 4010 464 4068 2,
478 4007 524 4071 Ep.
538 4008 583 4057 ool.
779 4013 806 4056 to
819 4006 841 4055 it
854 4005 922 4070 (Dio.
936 4004 1004 4056 Cass.
1016 4006 1070 4056 rlii.
1083 4009 1138 4071 48):
1160 4024 1199 4072 op.
1212 4008 1359 4069 Mommsen,

191 4075 217 4123 8.
236 4074 480 4135 temperassemus·
528 4072 599 4122 ‘that
614 4086 686 4135 spaee
702 4070 730 4121 ol
780 4071 812 4121 R.
825 4070 860 4120 H.
872 4070 908 4120 iv.
926 4074 983 4121 433.
1018 4069 1061 4121 Ho
1076 4073 1182 4135 opposed
1197 4072 1241 4123 the
1256 4073 1358 4124 Libera·

147 4136 221 4189 three
247 4136 394 4203 days-de
415 4136 473 4212 inde
491 4136 544 4187 nite
571 4136 680 4200 genitive
703 4136 731 4185 of
779 4136 902 4211 tors,·but
916 4151 967 4210 rrae
980 4135 1062 4186 seiaed
1076 4138 1225 4212 andnputto
1242 4138 1361 4204 deathby

147 4201 377 4263 kindoroontents,
393 4200 493 4251 ‘whrah
501 4202 730 4264 eorrespondstoan
781 4200 879 4250 Cassius
897 4199 965 4264 (Dio.
986 4201 1054 4251 Cass.
1073 4201 1144 4250 xlvu.
1165 4203 1225 4267 del:
1249 4220 1288 4267 ep.
1308 4203 1361 4255 also

148 4265 275 4331 adieetirs
284 4282 313 4317 or
322 4265 495 4330 prepositional
505 4266 593 4330 phrase
602 4281 631 4315 or
640 4264 732 4329 partof
784 4264 892 4327 Clinton,
902 4266 1099 4315 Faste'Hellem'ei
1105 4265 1153 4327 iii,
1162 4267 1227 4330 App.
1240 4268 1311 4332 rhap.
1324 4268 1360 4319 ix.

148 4347 167 4382 ι
177 4331 337 4396 ωιιροιιιιά,’
350 4330 423 4396 Baby
436 4331 538 4393 §laetu
559 4335 589 4380 ‘a
599 4330 732 4395 three-day
814 4333 910 4393 eiusqm
930 4332 994 4392 rogia
1013 4333 1112 4379 aarum
1132 4333 1363 4396 ineolumitatompue

149 4397 251 4461 epsoe':
273 4403 377 4460 epora
392 4398 498 4458 matium
512 4397 606 4445 dierum
615 4397 731 4458 sustri-
783 4393 864 4460 requi]
897 4392 1361 4461 ThisisWesanberg’s(Em.Alt.60)

146 4462 223 4525 plata
241 4468 299 4511 anu
315 4462 376 4512 Kal.
397 4462 467 4523 Dra,
483 4459 536 4511 Cio.
552 4459 624 4511 Vsrr.
643 4458 671 4510 ii.
690 4462 731 4520 96,
783 4458 886 4525 reading
906 4457 947 4509 for
968 4461 1152 4512 aelamitarum
1173 4478 1318 4527 myrtumque
1334 4462 1363 4513 of

216 4554 333 4593 raam.
1211 4541 1236 4594 C
