2976 5356
479 330 650 400 sorore
677 332 798 415 (ssu.
821 330 923 398 rvr.
948 332 994 418 9).
1274 332 1339 398 aaa

137 505 224 573 Idus
247 504 421 592 (loroyram
443 503 615 571 bellissime
636 503 871 591 navigavimus.
916 504 1072 591 Ooroyrae
1092 504 1215 571 ferimus
1238 526 1341 592 usque

136 613 184 674 od
201 607 713 676 ad.xv1.Kalond.Deoambr.
736 607 983 694 tempestatibus
1003 609 1131 675 retenti.
1174 609 1219 675 A.
1235 610 1268 675 d.
1283 629 1340 675 xv.

138 711 286 779 Kalend.
300 713 336 778 in
350 716 480 798 portum
495 710 746 796 Corcyraeorum
762 712 805 777 ad
820 710 993 799 Cassiopen
1008 711 1113 778 stadia
1127 732 1201 778 cxx.
1217 734 1343 797 prooes-

136 815 252 882 simus.
297 815 351 882 Ibi
373 815 492 881 retenti
510 815 616 882 ventis
634 836 744 881 sumus
765 836 867 902 usque
889 820 932 880 ad
951 839 981 882 a.
1004 817 1036 882 d.
1059 836 1149 881 v1111.
1165 815 1342 883 Kalendas.

139 917 284 1000 Interea,
327 918 384 1005 qui
412 918 527 1004 oupide
555 918 692 1005 proleoti
727 922 814 999 sunt,
849 919 949 985 multi
984 919 1157 1006 naufragia
1186 919 1343 988 feserunt.

137 1022 173 1088 2.
196 1021 268 1088 Nos
297 1044 334 1090 eo
364 1021 418 1088 dio
447 1021 552 1089 eonati
581 1022 744 1089 solvimus.
789 1021 874 1089 Inde
910 1026 1019 1090 austro
1055 1022 1229 1103 lenissimo,
1259 1025 1347 1092 eaelo

141 1147 265 1207 sereno,
288 1129 380 1192 noete
402 1126 461 1191 illa
481 1129 515 1192 et
536 1124 589 1191 die
610 1128 737 1212 postero
757 1125 794 1190 in
816 1124 952 1192 Italiam
972 1126 1015 1192 ad
1031 1124 1247 1210 Hydruntem
1261 1127 1346 1194 ludi-

140 1228 246 1295 bundi
272 1229 476 1316 pervenimus
501 1230 675 1315 eodemque
699 1232 796 1295 vente
820 1228 1054 1315 postridie-id
1080 1234 1149 1296 erat
1174 1251 1195 1295 a
1227 1231 1344 1297 d.v11.

141 1330 285 1399 Kalend.
300 1332 595 1400 Deoembr.-hora
616 1334 731 1418 quarta
750 1331 974 1398 Brundusium
990 1332 1146 1414 venimus,
1170 1335 1345 1419 eodemque

140 1441 287 1523 tempora
302 1437 399 1504 simul
413 1435 579 1503 nobiseum
593 1436 629 1501 in
644 1435 800 1522 oppidum
813 1435 940 1502 introiit
949 1434 1111 1516 Terentia,
1127 1458 1209 1522 quae
1224 1441 1256 1503 to
1267 1437 1347 1504 laoit

143 1539 285 1626 plurimi.
330 1537 373 1605 A.
390 1541 422 1606 d.
438 1563 469 1607 v.
485 1539 628 1606 Kalend.
640 1537 809 1605 Deoembr.
825 1560 934 1606 servus
949 1537 1008 1605 On.
1025 1538 1152 1605 Planoii
1166 1538 1346 1606 Brundusii

144 1644 278 1710 nudem
293 1644 468 1731 aliquando
483 1643 565 1710 mihi
575 1666 595 1707 a
609 1647 641 1709 te
656 1643 943 1728 axspeotatissimas
953 1642 1078 1708 litteras
1092 1642 1243 1723 reddidit,
1256 1645 1349 1710 datas

145 1744 262 1813 Idibus
276 1745 464 1828 Novembr.,
480 1768 562 1832 quaa
576 1768 629 1811 me
642 1745 789 1811 molestia
802 1746 896 1812 valde
910 1746 1078 1813 levarunt:
1101 1745 1229 1811 utinam
1242 1746 1348 1812 omni·

146 1871 190 1918 no
202 1849 411 1917 liberassentl
456 1848 521 1916 Sed
534 1853 644 1915 tamen
658 1848 799 1935 Aselapo
816 1849 960 1916 medious
977 1848 1074 1934 plane
1093 1848 1262 1915 confirmat
1275 1871 1349 1936 pro·

146 1954 274 2041 pediam
288 1957 322 2019 te
335 1953 498 2019 valentem
512 1953 591 2019 fore.
637 1954 668 2017 3.
691 1950 790 2018 Nuno
809 1953 889 2038 quid
910 1975 971 2039 ego
985 1959 1018 2019 te
1033 1951 1152 2032 horter,
1167 1956 1205 2017 ut
1220 1974 1348 2020 omnem

145 2056 353 2144 diligentiam
381 2055 534 2123 adhibeas
562 2057 605 2123 ad
633 2055 947 2122 oonvalesoendum?
995 2054 1102 2121 Tuam
1130 2055 1347 2141 prudentiam,

146 2159 403 2246 temperantiam,
418 2180 560 2225 amorem
578 2180 657 2246 erga
678 2181 731 2225 me
751 2158 848 2226 novi:
871 2158 936 2226 seio
949 2162 983 2224 te
998 2159 1107 2224 omnia
1121 2157 1294 2240 factunm,
1309 2164 1349 2226 ut

146 2260 313 2329 nobiseum
335 2283 433 2347 quam
458 2262 600 2349 primum
621 2262 686 2328 sis:
717 2262 774 2328 sed
798 2265 909 2327 tamen
929 2261 978 2327 ita
1000 2261 1109 2342 velim,
1135 2265 1173 2327 ut
1200 2283 1243 2328 na
1268 2261 1349 2348 quid

147 2386 305 2452 properes.
350 2363 586 2450 Symphoniam
608 2364 751 2452 Lysonis
773 2366 892 2432 vellem
912 2365 1054 2446 vitasses,
1078 2386 1120 2431 ne
1141 2364 1177 2429 in
1199 2368 1349 2450 quartam

147 2466 348 2535 hebdomada
360 2467 526 2534 insideres.
571 2467 636 2535 Sed
657 2468 812 2555 quoniam
833 2468 950 2555 pudori
969 2472 1028 2534 tuo
1048 2467 1194 2534 maluisti
1214 2466 1347 2555 obsequi

146 2593 244 2657 quam
273 2569 463 2651 valetudini,
492 2570 616 2657 reliqua
649 2593 736 2637 oura.
787 2571 885 2639 (lurio
913 2569 998 2652 misi,
1026 2575 1065 2638 ut
1092 2571 1217 2638 medioo
1244 2570 1347 2639 honos

147 2672 319 2741 haberetur
337 2677 371 2740 et
383 2672 553 2741 tibi'daret
571 2675 660 2761 quod
677 2696 758 2763 opus
778 2678 879 2741 esset:
902 2696 954 2740 me
976 2672 1029 2740 oui
1051 2673 1194 2740 imsisset
1215 2677 1343 2742 auratu-

178 2865 203 2913 1.
224 2860 361 2926 Cassiopen]
385 2861 489 2911 Atovn
506 2861 593 2912 intha
608 2863 722 2914 northal
771 2868 823 2913 oart
849 2861 940 2927 during
966 2861 1070 2911 dinnar:
1099 2876 1138 2924 op.
1169 2859 1344 2925 Becker-Gdll,

147 2925 262 2992 corcyra,
272 2925 336 2976 with
347 2925 464 2989 atemple
474 2931 501 2976 to
512 2925 612 2989 Jupiter
622 2927 722 2978 Cassius
773 2929 866 2989 ouum,
879 2927 906 2977 ii.
921 2928 976 2987 147,
992 2926 1030 2976 iii.
1045 2927 1101 2976 ³7³.

149 2991 223 3055 (Plin.
235 2990 273 3040 H.
285 2990 320 3040 N.
333 2989 368 3039 iv.
382 2992 433 3052 52).
467 2989 494 3040 It
508 3007 559 3040 was
575 3007 622 3042 ono
636 2992 665 3042 of
678 2992 722 3043 the
803 3008 833 3040 na
843 2995 870 3041 in
878 2999 989 3054 quartam
1000 2990 1143 3039 hebdomada
1153 2989 1280 3057 incideres]
1301 2994 1345 3042 ‘aa

146 3056 251 3107 datione
266 3071 299 3105 on
314 3054 358 3104 the
372 3054 454 3104 Greek
468 3061 543 3116 ooaat,
561 3056 627 3107 from
638 3057 721 3107 which
770 3056 903 3106 therevaa
922 3056 1014 3119 danger
1031 3053 1059 3103 of
1076 3069 1140 3120 your
1156 3054 1197 3104 ino
1241 3055 1247 3066 '
1299 3055 1343 3106 the

145 3120 188 3198 tha
204 3120 315 3184 messing
329 3135 381 3169 vas
395 3119 465 3194 often
481 3120 552 3170 made
569 3127 595 3170 to
607 3121 720 3172 Brundu·
770 3120 857 3171 fourth
868 3121 965 3185 veehly
976 3119 1073 3195 attaoh’
1087 3118 1125 3181 (of
1134 3118 1235 3234 fererk³
1280 3136 1342 3186 very

146 3199 212 3309 ll?
219 3200 285 3313 st:
301 3184 446 3310 tel-ru
463 3188 518 3310 ¹1⁹2}
528 3185 720 3312 addam
769 3184 1342 3324 ulssttttufseuuhmu

146 3330 218 3365 maa
234 3316 360 3363 mariae
370 3314 483 3376 quondm
496 3316 720 3378 epasmoleunt:
768 3315 853 3365 atteok
863 3315 906 3365 the
918 3329 986 3364 more
1000 3312 1216 3363 thefevarvould
1287 3319 1341 3364 mto

145 3381 301 3441 eplerosque
311 3380 490 3439 mandaraaaio,
509 3382 718 3428 mosomensi·
768 3378 920 3444 hissystem,
938 3379 987 3428 and
997 3377 1040 3428 the
1050 3377 1139 3427 harder
1148 3376 1170 3426 it
1180 3392 1219 3426 vo
1246 3376 1341 3428 dbeto

143 3446 226 3506 piane,
243 3449 266 3491 et
277 3445 319 3505 alo,
335 3447 364 3491 at
373 3448 437 3491 serta
448 3445 541 3506 rapiam
551 3450 574 3492 et
583 3449 645 3493 serto
656 3447 719 3493 marl
768 3443 849 3494 throv
860 3443 882 3494 it
894 3443 932 3493 off
938 3459 945 3503 3
963 3442 1023 3493 Tiro
1036 3441 1125 3492 should
1134 3440 1195 3491 than
1204 3441 1268 3492 have
1278 3442 1341 3493 bean

145 3510 286 3572 metietur,
298 3512 448 3557 elocutust
458 3510 718 3571 memarma-
768 3523 837 3558 mora
858 3507 951 3558 careful
968 3513 995 3557 te
1013 3506 1085 3557 avoid
1106 3504 1185 3570 geum
1220 3505 1341 3557 afourth

144 3575 209 3623 m
223 3587 240 3621 a
258 3574 370 3633 oasam
384 3574 422 3622 vel
437 3588 453 3620 a
465 3574 603 3634 melasio
618 3579 720 3624 extores
768 3572 861 3623 attach.
895 3572 947 3622 But
955 3571 1029 3622 vhan
1039 3570 1114 3636 Lyso,
1132 3575 1160 3620 at
1167 3521 1250 3620 whose
1263 3570 1342 3623 house

148 3639 279 3688 ausaausa
295 3638 328 3685 ad
342 3651 415 3685 onem
430 3637 556 3686 inhabiles.
769 3636 802 3686 ha
823 3652 874 3686 was
895 3635 958 3686 sta'
996 3674 1003 3699 ,
1029 3651 1091 3700 gava
1112 3650 1128 3684 a
1148 3634 1216 3697 large
1238 3634 1341 3686 musical

843 3700 922 3761 ‚Tira
932 3651 1029 3751 {iffi
1039 3700 1090 3750 like
1104 3698 1201 3764 (thetis
1215 3698 1258 3748 the
1272 3698 1342 3751 forae

178 3701 621 3842 ἵέἐὶοῖυθνιαεῶἳγ’θὶξηὲξ’ύιο
641 3764 720 3817 called
769 3765 797 3815 of
803 3766 903 3842 mederi)
914 3771 941 3815 to
951 3765 997 3815 fail
1007 3770 1090 3840 tolpnt
1099 3763 1127 3812 in
1137 3779 1169 3812 an
1180 3779 1339 3828 appearance.

149 3830 320 3962 “illaleh
333 3829 602 3960 wilda.
617 3894 678 3945 ...a
692 3894 720 3945 a
769 3828 1215 3962 lssttltttttlrw*
1236 3829 1340 3879 ...ae

148 3960 218 4012 vhat
227 3975 275 4010 ona
285 3965 384 4023 expecta
394 3965 421 4009 to
432 3960 462 4009 be
472 3959 585 4020 irksoma,
598 3959 645 4009 but
654 3960 719 4009 finds
801 3958 870 4025 misi]
883 3958 1134 4022 ‘amsendingordars
1140 3957 1186 4008 to’:
1199 3973 1238 4021 op.
1246 3959 1341 4022 mapa,

147 4029 175 4075 to
184 4024 217 4075 be
227 4024 317 4075 ohild's
327 4024 400 4090 play:
419 4040 457 4088 op.
475 4024 545 4074 Verr.
561 4024 599 4074 iii.
617 4027 672 4082 166,
691 4026 720 4075 St
770 4022 841 4073 Fam.
849 4023 901 4074 xvi.
910 4024 1000 4085 ΜΕ
1019 4021 1177 4073 achardi.

152 4090 269 4167 Volteium
290 4089 384 4139 laabin
402 4091 481 4139 omnia
499 4089 642 4138 ludibundus
663 4105 718 4139 eon·
802 4089 874 4137 honos
882 4040 1017 4181 metus}
1033 4092 1040 4116 ‘
1047 4087 1105 4163 that
1113 4101 1129 4135 a
1138 4085 1342 4163 eomplimentary

181 4190 409 4283 assessionem]
428 4217 649 4282 ‘muearpaayr
666 4215 721 4268 me
769 4151 1341 4280 wllffladlalhiffitll’i}

149 4281 258 4334 mmm
268 4282 318 4333 had
328 4297 418 4346 among
427 4282 494 4333 their
502 4282 600 4332 various
610 4282 684 4332 kinds
693 4282 722 4332 of
772 4281 846 4332 danos
856 4283 953 4331 habitus
964 4284 1004 4330 eit.

148 4347 229 4399 slaves
243 4349 407 4411 symphoniaca·
418 4350 500 4409 pueri,
518 4347 575 4398 Mil.
592 4349 639 4408 563
659 4345 720 4398 Div.
802 4363 839 4397 me
848 4346 1160 4411 mttueieutearaturam]
1179 4344 1270 4396 ‘thatI
1279 4345 1344 4396 shall

147 4412 176 4463 in
186 4411 260 4464 (twa.
273 4413 314 4463 66.
348 4411 420 4478 They
431 4413 492 4464 used
505 4418 532 4463 to
546 4411 603 4478 sing
617 4411 645 4462 in
660 4427 719 4463 oon·
771 4425 821 4478 pay
829 4427 927 4478 anyone
934 4410 966 4462 he
976 4411 1078 4473 orders,’
1091 4413 1139 4462 aa.
1150 4410 1346 4464 thatinateadm
