<?xml version="1.0" encoding="UTF-8"?>
<!DOCTYPE html PUBLIC "-//W3C//DTD XHTML 1.0 Transitional//EN"
    "http://www.w3.org/TR/xhtml1/DTD/xhtml1-transitional.dtd">
<html xmlns="http://www.w3.org/1999/xhtml" xml:lang="en" lang="en">
 <head>
  <title>
</title>
<meta http-equiv="Content-Type" content="text/html;charset=utf-8" />
  <meta name='ocr-system' content='tesseract 3.04.00' />
  <meta name='ocr-capabilities' content='ocr_page ocr_carea ocr_par ocr_line ocrx_word'/>
</head>
<body>
  <div class='ocr_page' id='page_1' title='image "./correspondencem02cicegoog_0359.png"; bbox 0 0 2976 5356; ppageno 0'>
   <div class='ocr_carea' id='block_1_1' title="bbox 135 836 1041 923">
    <p class='ocr_par' dir='ltr' id='par_1_1' title="bbox 135 836 1041 923">
     <span class='ocr_line' id='line_1_1' title="bbox 135 836 1041 923; baseline -0.001 -20"><span class='ocrx_word' id='word_1_1' title='bbox 135 836 203 903; x_wconf 76' lang='lat'>250</span> <span class='ocrx_word' id='word_1_2' title='bbox 447 836 707 906; x_wconf 80' lang='lat' dir='ltr'><strong><em>OOLXXXIV.</em></strong></span> <span class='ocrx_word' id='word_1_3' title='bbox 734 836 851 922; x_wconf 71' lang='lat' dir='ltr'>(Ars.</span> <span class='ocrx_word' id='word_1_4' title='bbox 882 836 963 906; x_wconf 82' lang='lat' dir='ltr'>VII.</span> <span class='ocrx_word' id='word_1_5' title='bbox 985 836 1041 923; x_wconf 86' lang='lat'>1).</span> 
     </span>
    </p>
   </div>
   <div class='ocr_carea' id='block_1_2' title="bbox 134 1007 1349 2125">
    <p class='ocr_par' dir='ltr' id='par_1_2' title="bbox 134 1007 1349 2125">
     <span class='ocr_line' id='line_1_2' title="bbox 137 1007 1349 1097; baseline 0 -21"><span class='ocrx_word' id='word_1_6' title='bbox 137 1007 308 1076; x_wconf 87' lang='lat' dir='ltr'>subeunda</span> <span class='ocrx_word' id='word_1_7' title='bbox 322 1010 455 1077; x_wconf 85' lang='lat' dir='ltr'>fortuna</span> <span class='ocrx_word' id='word_1_8' title='bbox 469 1015 528 1089; x_wconf 90' lang='lat' dir='ltr'>est,</span> <span class='ocrx_word' id='word_1_9' title='bbox 552 1033 590 1076; x_wconf 88' lang='lat' dir='ltr'>eo</span> <span class='ocrx_word' id='word_1_10' title='bbox 613 1008 708 1077; x_wconf 84' lang='lat' dir='ltr'>eitius</span> <span class='ocrx_word' id='word_1_11' title='bbox 729 1007 879 1076; x_wconf 78' lang='lat' dir='ltr'><strong>dabimus</strong></span> <span class='ocrx_word' id='word_1_12' title='bbox 892 1030 1023 1097; x_wconf 85' lang='lat' dir='ltr'>oporam</span> <span class='ocrx_word' id='word_1_13' title='bbox 1035 1013 1076 1076; x_wconf 98' lang='grc' dir='ltr'>ιιι</span> <span class='ocrx_word' id='word_1_14' title='bbox 1088 1008 1270 1089; x_wconf 80' lang='lat' dir='ltr'>veniamus,</span> <span class='ocrx_word' id='word_1_15' title='bbox 1284 1028 1349 1093; x_wconf 86' lang='lat' dir='ltr'>quo</span> 
     </span>
     <span class='ocr_line' id='line_1_3' title="bbox 137 1111 1348 1200; baseline -0.001 -20"><span class='ocrx_word' id='word_1_16' title='bbox 137 1113 266 1181; x_wconf 86' lang='lat' dir='ltr'>iaoilius</span> <span class='ocrx_word' id='word_1_17' title='bbox 280 1115 322 1180; x_wconf 91' lang='lat' dir='ltr'>de</span> <span class='ocrx_word' id='word_1_18' title='bbox 337 1119 407 1181; x_wconf 85' lang='lat' dir='ltr'>tota</span> <span class='ocrx_word' id='word_1_19' title='bbox 426 1137 461 1181; x_wconf 90' lang='lat' dir='ltr'>re</span> <span class='ocrx_word' id='word_1_20' title='bbox 477 1113 698 1180; x_wconf 80' lang='lat' dir='ltr'>deliberemus.</span> <span class='ocrx_word' id='word_1_21' title='bbox 743 1111 797 1180; x_wconf 77' lang='lat' dir='ltr'>&#39;lbi</span> <span class='ocrx_word' id='word_1_22' title='bbox 810 1112 918 1194; x_wconf 85' lang='lat' dir='ltr'>velim,</span> <span class='ocrx_word' id='word_1_23' title='bbox 933 1113 1022 1200; x_wconf 89' lang='lat' dir='ltr'>quod</span> <span class='ocrx_word' id='word_1_24' title='bbox 1038 1112 1207 1180; x_wconf 80' lang='lat' dir='ltr'>dommodo</span> <span class='ocrx_word' id='word_1_25' title='bbox 1221 1111 1348 1178; x_wconf 76' lang='lat' dir='ltr'>valetu-</span> 
     </span>
     <span class='ocr_line' id='line_1_4' title="bbox 139 1214 1347 1304; baseline 0 -22"><span class='ocrx_word' id='word_1_26' title='bbox 139 1217 226 1282; x_wconf 89' lang='lat' dir='ltr'>dinis</span> <span class='ocrx_word' id='word_1_27' title='bbox 249 1221 324 1284; x_wconf 90' lang='lat' dir='ltr'>tuae</span> <span class='ocrx_word' id='word_1_28' title='bbox 343 1217 410 1298; x_wconf 85' lang='lat' dir='ltr'>liat,</span> <span class='ocrx_word' id='word_1_29' title='bbox 432 1239 531 1304; x_wconf 88' lang='lat' dir='ltr'>quam</span> <span class='ocrx_word' id='word_1_30' title='bbox 553 1217 740 1304; x_wconf 78' lang='lat' dir='ltr'>longissime</span> <span class='ocrx_word' id='word_1_31' title='bbox 760 1215 891 1304; x_wconf 84' lang='lat' dir='ltr'>poteris,</span> <span class='ocrx_word' id='word_1_32' title='bbox 912 1215 954 1283; x_wconf 94' lang='lat' dir='ltr'>ob</span> <span class='ocrx_word' id='word_1_33' title='bbox 971 1217 1060 1283; x_wconf 87' lang='lat' dir='ltr'>viam</span> <span class='ocrx_word' id='word_1_34' title='bbox 1079 1215 1174 1283; x_wconf 92' lang='lat' dir='ltr'>nobis</span> <span class='ocrx_word' id='word_1_35' title='bbox 1199 1214 1347 1302; x_wconf 78' lang='lat' dir='ltr'>prodeas</span> 
     </span>
     <span class='ocr_line' id='line_1_5' title="bbox 134 1317 1346 1408; baseline -0.001 -22"><span class='ocrx_word' id='word_1_36' title='bbox 134 1321 169 1386; x_wconf 75' lang='lat'>2.</span> <span class='ocrx_word' id='word_1_37' title='bbox 193 1319 246 1387; x_wconf 92' lang='lat' dir='ltr'>De</span> <span class='ocrx_word' id='word_1_38' title='bbox 265 1320 444 1388; x_wconf 85' lang='lat' dir='ltr'>hereditate</span> <span class='ocrx_word' id='word_1_39' title='bbox 464 1320 747 1407; x_wconf 78' lang='lat' dir='ltr'>Preciana-quae</span> <span class='ocrx_word' id='word_1_40' title='bbox 766 1320 898 1408; x_wconf 91' lang='lat' dir='ltr'>quidem</span> <span class='ocrx_word' id='word_1_41' title='bbox 915 1318 998 1386; x_wconf 87' lang='lat' dir='ltr'>mihi</span> <span class='ocrx_word' id='word_1_42' title='bbox 1013 1341 1135 1406; x_wconf 83' lang='lat' dir='ltr'>magno</span> <span class='ocrx_word' id='word_1_43' title='bbox 1153 1317 1263 1385; x_wconf 88' lang='lat' dir='ltr'>dolori</span> <span class='ocrx_word' id='word_1_44' title='bbox 1276 1322 1346 1400; x_wconf 68' lang='grc' dir='ltr'>αις</span> 
     </span>
     <span class='ocr_line' id='line_1_6' title="bbox 136 1423 1348 1491; baseline 0 -2"><span class='ocrx_word' id='word_1_45' title='bbox 136 1424 231 1489; x_wconf 81' lang='lat' dir='ltr'>ualde</span> <span class='ocrx_word' id='word_1_46' title='bbox 246 1424 334 1490; x_wconf 88' lang='lat' dir='ltr'>enim</span> <span class='ocrx_word' id='word_1_47' title='bbox 347 1425 440 1490; x_wconf 92' lang='lat' dir='ltr'>illum</span> <span class='ocrx_word' id='word_1_48' title='bbox 457 1424 664 1491; x_wconf 87' lang='lat' dir='ltr'>amavi-sed</span> <span class='ocrx_word' id='word_1_49' title='bbox 672 1423 733 1491; x_wconf 92' lang='lat' dir='ltr'>hoo</span> <span class='ocrx_word' id='word_1_50' title='bbox 743 1424 841 1490; x_wconf 86' lang='lat' dir='ltr'>velim</span> <span class='ocrx_word' id='word_1_51' title='bbox 855 1445 963 1490; x_wconf 77' lang='lat' dir='ltr'>ouras:</span> <span class='ocrx_word' id='word_1_52' title='bbox 979 1423 1128 1490; x_wconf 83' lang='lat' dir='ltr'>siauotio</span> <span class='ocrx_word' id='word_1_53' title='bbox 1142 1425 1221 1489; x_wconf 84' lang='lat' dir='ltr'>ante</span> <span class='ocrx_word' id='word_1_54' title='bbox 1233 1442 1348 1489; x_wconf 79' lang='lat' dir='ltr'>meum</span> 
     </span>
     <span class='ocr_line' id='line_1_7' title="bbox 135 1523 1348 1614; baseline 0 -22"><span class='ocrx_word' id='word_1_55' title='bbox 135 1528 316 1593; x_wconf 84' lang='lat' dir='ltr'>adventum</span> <span class='ocrx_word' id='word_1_56' title='bbox 337 1528 404 1606; x_wconf 84' lang='lat' dir='ltr'>fiet,</span> <span class='ocrx_word' id='word_1_57' title='bbox 429 1532 467 1594; x_wconf 86' lang='lat' dir='ltr'>ut</span> <span class='ocrx_word' id='word_1_58' title='bbox 488 1526 688 1614; x_wconf 86' lang='lat' dir='ltr'>Pomponius</span> <span class='ocrx_word' id='word_1_59' title='bbox 713 1531 781 1608; x_wconf 88' lang='lat' dir='ltr'>aut,</span> <span class='ocrx_word' id='word_1_60' title='bbox 804 1527 832 1593; x_wconf 89' lang='lat' dir='ltr'>si</span> <span class='ocrx_word' id='word_1_61' title='bbox 854 1527 883 1592; x_wconf 92' lang='lat' dir='ltr'>is</span> <span class='ocrx_word' id='word_1_62' title='bbox 904 1527 1014 1593; x_wconf 91' lang='lat' dir='ltr'>minus</span> <span class='ocrx_word' id='word_1_63' title='bbox 1033 1525 1163 1613; x_wconf 85' lang='lat' dir='ltr'>poterit,</span> <span class='ocrx_word' id='word_1_64' title='bbox 1187 1523 1348 1592; x_wconf 78' lang='lat' dir='ltr'>Camillus</span> 
     </span>
     <span class='ocr_line' id='line_1_8' title="bbox 137 1628 1349 1718; baseline -0.001 -22"><span class='ocrx_word' id='word_1_65' title='bbox 137 1635 284 1696; x_wconf 89' lang='lat' dir='ltr'>nostrum</span> <span class='ocrx_word' id='word_1_66' title='bbox 307 1631 477 1718; x_wconf 87' lang='lat' dir='ltr'>negotium</span> <span class='ocrx_word' id='word_1_67' title='bbox 500 1635 608 1698; x_wconf 81' lang='lat' dir='ltr'>curet:</span> <span class='ocrx_word' id='word_1_68' title='bbox 638 1652 698 1697; x_wconf 90' lang='lat' dir='ltr'>nos</span> <span class='ocrx_word' id='word_1_69' title='bbox 722 1653 797 1698; x_wconf 88' lang='lat' dir='ltr'>oum</span> <span class='ocrx_word' id='word_1_70' title='bbox 819 1629 901 1696; x_wconf 84' lang='lat' dir='ltr'>salvi</span> <span class='ocrx_word' id='word_1_71' title='bbox 926 1629 1118 1711; x_wconf 85' lang='lat' dir='ltr'>venerimus,</span> <span class='ocrx_word' id='word_1_72' title='bbox 1138 1628 1271 1715; x_wconf 85' lang='lat' dir='ltr'>reliqua</span> <span class='ocrx_word' id='word_1_73' title='bbox 1290 1650 1349 1716; x_wconf 87' lang='lat' dir='ltr'>per</span> 
     </span>
     <span class='ocr_line' id='line_1_9' title="bbox 136 1730 1348 1820; baseline 0 -20"><span class='ocrx_word' id='word_1_74' title='bbox 136 1755 195 1800; x_wconf 91' lang='lat' dir='ltr'>nos</span> <span class='ocrx_word' id='word_1_75' title='bbox 210 1756 363 1819; x_wconf 84' lang='lat' dir='ltr'>agemus:</span> <span class='ocrx_word' id='word_1_76' title='bbox 387 1734 437 1800; x_wconf 87' lang='lat' dir='ltr'>sin</span> <span class='ocrx_word' id='word_1_77' title='bbox 451 1739 489 1800; x_wconf 92' lang='lat' dir='ltr'>tu</span> <span class='ocrx_word' id='word_1_78' title='bbox 503 1737 569 1800; x_wconf 90' lang='lat' dir='ltr'>iam</span> <span class='ocrx_word' id='word_1_79' title='bbox 584 1733 691 1800; x_wconf 86' lang='lat' dir='ltr'>Roma</span> <span class='ocrx_word' id='word_1_80' title='bbox 704 1734 848 1820; x_wconf 86' lang='lat' dir='ltr'>proieota</span> <span class='ocrx_word' id='word_1_81' title='bbox 869 1733 941 1814; x_wconf 91' lang='lat' dir='ltr'>eris,</span> <span class='ocrx_word' id='word_1_82' title='bbox 962 1736 1073 1799; x_wconf 85' lang='lat' dir='ltr'>tamen</span> <span class='ocrx_word' id='word_1_83' title='bbox 1087 1731 1216 1799; x_wconf 83' lang='lat' dir='ltr'>surabis</span> <span class='ocrx_word' id='word_1_84' title='bbox 1230 1736 1273 1799; x_wconf 90' lang='grc' dir='ltr'>ιιι</span> <span class='ocrx_word' id='word_1_85' title='bbox 1287 1730 1348 1800; x_wconf 90' lang='lat' dir='ltr'>hoo</span> 
     </span>
     <span class='ocr_line' id='line_1_10' title="bbox 137 1834 1349 1919; baseline 0.001 -17"><span class='ocrx_word' id='word_1_86' title='bbox 137 1836 185 1903; x_wconf 87' lang='lat' dir='ltr'>ita</span> <span class='ocrx_word' id='word_1_87' title='bbox 199 1837 266 1903; x_wconf 87' lang='lat' dir='ltr'>fiet.</span> <span class='ocrx_word' id='word_1_88' title='bbox 311 1836 383 1904; x_wconf 92' lang='lat' dir='ltr'>Nos</span> <span class='ocrx_word' id='word_1_89' title='bbox 404 1838 432 1903; x_wconf 92' lang='lat' dir='ltr'>si</span> <span class='ocrx_word' id='word_1_90' title='bbox 453 1838 489 1903; x_wconf 92' lang='lat' dir='ltr'>di</span> <span class='ocrx_word' id='word_1_91' title='bbox 507 1836 719 1919; x_wconf 82' lang='lat' dir='ltr'>adiuvabant,</span> <span class='ocrx_word' id='word_1_92' title='bbox 741 1836 867 1904; x_wconf 74' lang='grc' dir='ltr'>οἰιοὶιοι·</span> <span class='ocrx_word' id='word_1_93' title='bbox 880 1835 962 1902; x_wconf 89' lang='lat' dir='ltr'>Idus</span> <span class='ocrx_word' id='word_1_94' title='bbox 976 1835 1178 1902; x_wconf 86' lang='lat' dir='ltr'>Novembres</span> <span class='ocrx_word' id='word_1_95' title='bbox 1191 1835 1230 1902; x_wconf 92' lang='lat' dir='ltr'>in</span> <span class='ocrx_word' id='word_1_96' title='bbox 1245 1834 1349 1903; x_wconf 81' lang='lat' dir='ltr'>Italis</span> 
     </span>
     <span class='ocr_line' id='line_1_11' title="bbox 134 1937 1346 2026; baseline 0.001 -21"><span class='ocrx_word' id='word_1_97' title='bbox 134 1961 302 2026; x_wconf 88' lang='lat' dir='ltr'>speramns</span> <span class='ocrx_word' id='word_1_98' title='bbox 316 1940 395 2008; x_wconf 81' lang='lat' dir='ltr'>iore.</span> <span class='ocrx_word' id='word_1_99' title='bbox 440 1940 520 2020; x_wconf 91' lang='lat' dir='ltr'>Vos,</span> <span class='ocrx_word' id='word_1_100' title='bbox 547 1964 620 2007; x_wconf 87' lang='lat' dir='ltr'>mea</span> <span class='ocrx_word' id='word_1_101' title='bbox 642 1940 831 2007; x_wconf 83' lang='lat' dir='ltr'>suavissima</span> <span class='ocrx_word' id='word_1_102' title='bbox 854 1944 888 2006; x_wconf 86' lang='lat' dir='ltr'>et</span> <span class='ocrx_word' id='word_1_103' title='bbox 909 1938 1112 2025; x_wconf 81' lang='lat' dir='ltr'>optatissima</span> <span class='ocrx_word' id='word_1_104' title='bbox 1125 1937 1298 2022; x_wconf 75' lang='lat' dir='ltr'>Terentia,</span> <span class='ocrx_word' id='word_1_105' title='bbox 1317 1939 1346 2006; x_wconf 86' lang='lat' dir='ltr'>si</span> 
     </span>
     <span class='ocr_line' id='line_1_12' title="bbox 136 2044 811 2125; baseline 0.001 -15"><span class='ocrx_word' id='word_1_106' title='bbox 136 2065 196 2110; x_wconf 92' lang='lat' dir='ltr'>nos</span> <span class='ocrx_word' id='word_1_107' title='bbox 210 2044 336 2125; x_wconf 87' lang='lat' dir='ltr'>amatis,</span> <span class='ocrx_word' id='word_1_108' title='bbox 351 2050 460 2112; x_wconf 87' lang='lat' dir='ltr'>aurate</span> <span class='ocrx_word' id='word_1_109' title='bbox 474 2051 513 2112; x_wconf 91' lang='grc' dir='ltr'>ιιι</span> <span class='ocrx_word' id='word_1_110' title='bbox 526 2045 672 2113; x_wconf 84' lang='lat' dir='ltr'>valeatis.</span> <span class='ocrx_word' id='word_1_111' title='bbox 717 2044 811 2113; x_wconf 82' lang='lat' dir='ltr'>Vale.</span> 
     </span>
    </p>
   </div>
   <div class='ocr_carea' id='block_1_3' title="bbox 214 2496 1267 2585">
    <p class='ocr_par' dir='ltr' id='par_1_3' title="bbox 214 2496 1267 2585">
     <span class='ocr_line' id='line_1_13' title="bbox 214 2496 1267 2585; baseline 0.001 -22"><span class='ocrx_word' id='word_1_112' title='bbox 214 2496 469 2567; x_wconf 80' lang='lat' dir='ltr'>oonxxxrv.</span> <span class='ocrx_word' id='word_1_113' title='bbox 515 2497 684 2566; x_wconf 74' lang='lat' dir='ltr'>oroneo</span> <span class='ocrx_word' id='word_1_114' title='bbox 708 2498 766 2566; x_wconf 81' lang='lat' dir='ltr'>no</span> <span class='ocrx_word' id='word_1_115' title='bbox 789 2496 991 2566; x_wconf 75' lang='lat' dir='ltr'>Ararene</span> <span class='ocrx_word' id='word_1_116' title='bbox 1013 2496 1110 2585; x_wconf 67' lang='lat' dir='ltr'>(sn.</span> <span class='ocrx_word' id='word_1_117' title='bbox 1133 2518 1196 2564; x_wconf 76' lang='lat' dir='ltr'>vn.</span> <span class='ocrx_word' id='word_1_118' title='bbox 1223 2498 1267 2584; x_wconf 85' lang='lat' dir='ltr'>t).</span> 
     </span>
    </p>
   </div>
   <div class='ocr_carea' id='block_1_4' title="bbox 436 2742 1050 2805">
    <p class='ocr_par' dir='ltr' id='par_1_4' title="bbox 436 2742 1050 2805">
     <span class='ocr_line' id='line_1_14' title="bbox 436 2742 1050 2805; baseline -0.002 -17"><span class='ocrx_word' id='word_1_119' title='bbox 436 2747 467 2789; x_wconf 81' lang='lat' dir='ltr'>A.</span> <span class='ocrx_word' id='word_1_120' title='bbox 485 2746 518 2789; x_wconf 89' lang='lat' dir='ltr'>u.</span> <span class='ocrx_word' id='word_1_121' title='bbox 535 2746 563 2789; x_wconf 93' lang='lat' dir='ltr'>c.</span> <span class='ocrx_word' id='word_1_122' title='bbox 579 2742 649 2804; x_wconf 78' lang='lat'>7043</span> <span class='ocrx_word' id='word_1_123' title='bbox 673 2746 704 2790; x_wconf 83' lang='lat' dir='ltr'>n.</span> <span class='ocrx_word' id='word_1_124' title='bbox 721 2746 747 2789; x_wconf 92' lang='lat' dir='ltr'>c.</span> <span class='ocrx_word' id='word_1_125' title='bbox 764 2745 817 2805; x_wconf 79' lang='lat'>⁶03</span> <span class='ocrx_word' id='word_1_126' title='bbox 841 2746 915 2790; x_wconf 76' lang='lat' dir='ltr'>aar.</span> <span class='ocrx_word' id='word_1_127' title='bbox 931 2745 991 2789; x_wconf 84' lang='lat' dir='ltr'>erc.</span> <span class='ocrx_word' id='word_1_128' title='bbox 1007 2743 1050 2791; x_wconf 79' lang='lat' dir='ltr'>se.</span> 
     </span>
    </p>
   </div>
   <div class='ocr_carea' id='block_1_5' title="bbox 133 2950 1353 3652">
    <p class='ocr_par' dir='ltr' id='par_1_5' title="bbox 133 2950 1353 3652">
     <span class='ocr_line' id='line_1_15' title="bbox 185 2950 1352 3021; baseline 0.003 -20"><span class='ocrx_word' id='word_1_129' title='bbox 185 2950 223 3001; x_wconf 79' lang='lat' dir='ltr'>M.</span> <span class='ocrx_word' id='word_1_130' title='bbox 234 2951 319 3002; x_wconf 84' lang='lat' dir='ltr'>Cicero</span> <span class='ocrx_word' id='word_1_131' title='bbox 328 2954 376 3002; x_wconf 90' lang='lat' dir='ltr'>iam</span> <span class='ocrx_word' id='word_1_132' title='bbox 385 2953 430 3003; x_wconf 88' lang='lat' dir='ltr'>has</span> <span class='ocrx_word' id='word_1_133' title='bbox 436 2953 531 3003; x_wconf 86' lang='lat' dir='ltr'>litteras</span> <span class='ocrx_word' id='word_1_134' title='bbox 539 2953 624 3014; x_wconf 87' lang='lat' dir='ltr'>mittit,</span> <span class='ocrx_word' id='word_1_135' title='bbox 636 2952 748 3021; x_wconf 83' lang='lat' dir='ltr'>quaslib.</span> <span class='ocrx_word' id='word_1_136' title='bbox 759 2967 796 3002; x_wconf 79' lang='lat' dir='ltr'>vr.</span> <span class='ocrx_word' id='word_1_137' title='bbox 806 2952 854 3016; x_wconf 88' lang='lat' dir='ltr'>Ep.</span> <span class='ocrx_word' id='word_1_138' title='bbox 865 2955 888 3013; x_wconf 88' lang='lat'>9,</span> <span class='ocrx_word' id='word_1_139' title='bbox 899 2953 910 3015; x_wconf 71' lang='lat' dir='ltr'>t</span> <span class='ocrx_word' id='word_1_140' title='bbox 921 2957 935 3001; x_wconf 77' lang='lat'>4</span> <span class='ocrx_word' id='word_1_141' title='bbox 947 2951 1003 3015; x_wconf 90' lang='lat' dir='ltr'>(Ep.</span> <span class='ocrx_word' id='word_1_142' title='bbox 1014 2950 1153 3015; x_wconf 79' lang='lat' dir='ltr'>cclxxxii),</span> <span class='ocrx_word' id='word_1_143' title='bbox 1164 2960 1299 3016; x_wconf 82' lang='lat' dir='ltr'>sepostero</span> <span class='ocrx_word' id='word_1_144' title='bbox 1308 2954 1352 3005; x_wconf 80' lang='lat' dir='ltr'>die</span> 
     </span>
     <span class='ocr_line' id='line_1_16' title="bbox 133 3033 1352 3100; baseline 0.002 -18"><span class='ocrx_word' id='word_1_145' title='bbox 133 3033 252 3083; x_wconf 83' lang='lat' dir='ltr'>daturum</span> <span class='ocrx_word' id='word_1_146' title='bbox 264 3051 316 3084; x_wconf 89' lang='lat' dir='ltr'>esse</span> <span class='ocrx_word' id='word_1_147' title='bbox 327 3038 464 3099; x_wconf 78' lang='lat' dir='ltr'>scripserat,</span> <span class='ocrx_word' id='word_1_148' title='bbox 478 3041 511 3097; x_wconf 86' lang='lat' dir='ltr'>et,</span> <span class='ocrx_word' id='word_1_149' title='bbox 525 3036 641 3100; x_wconf 89' lang='lat' dir='ltr'>quoniam</span> <span class='ocrx_word' id='word_1_150' title='bbox 650 3039 725 3098; x_wconf 85' lang='lat' dir='ltr'>putat</span> <span class='ocrx_word' id='word_1_151' title='bbox 743 3033 871 3084; x_wconf 78' lang='lat' dir='ltr'>Saufeium</span> <span class='ocrx_word' id='word_1_152' title='bbox 887 3033 981 3082; x_wconf 88' lang='lat' dir='ltr'>tardius</span> <span class='ocrx_word' id='word_1_153' title='bbox 992 3033 1160 3097; x_wconf 83' lang='lat' dir='ltr'>proiecturum</span> <span class='ocrx_word' id='word_1_154' title='bbox 1171 3050 1234 3092; x_wconf 81' lang='lat' dir='ltr'>esse,</span> <span class='ocrx_word' id='word_1_155' title='bbox 1247 3035 1352 3085; x_wconf 79' lang='lat' dir='ltr'>illarum</span> 
     </span>
     <span class='ocr_line' id='line_1_17' title="bbox 136 3114 1351 3181; baseline 0.002 -17"><span class='ocrx_word' id='word_1_156' title='bbox 136 3114 274 3165; x_wconf 86' lang='lat' dir='ltr'>litterarum</span> <span class='ocrx_word' id='word_1_157' title='bbox 285 3123 458 3181; x_wconf 80' lang='lat' dir='ltr'>argumentum</span> <span class='ocrx_word' id='word_1_158' title='bbox 467 3118 513 3166; x_wconf 84' lang='lat' dir='ltr'>hae</span> <span class='ocrx_word' id='word_1_159' title='bbox 526 3118 579 3180; x_wconf 88' lang='lat' dir='ltr'>ipsa</span> <span class='ocrx_word' id='word_1_160' title='bbox 591 3117 694 3181; x_wconf 84' lang='lat' dir='ltr'>epistola</span> <span class='ocrx_word' id='word_1_161' title='bbox 705 3115 814 3179; x_wconf 76' lang='lat' dir='ltr'>exponit.</span> <span class='ocrx_word' id='word_1_162' title='bbox 843 3115 907 3164; x_wconf 89' lang='lat' dir='ltr'>Tum</span> <span class='ocrx_word' id='word_1_163' title='bbox 916 3116 982 3180; x_wconf 89' lang='lat' dir='ltr'>quod</span> <span class='ocrx_word' id='word_1_164' title='bbox 990 3129 1085 3164; x_wconf 82' lang='lat' dir='ltr'>summa</span> <span class='ocrx_word' id='word_1_165' title='bbox 1095 3114 1161 3164; x_wconf 89' lang='lat' dir='ltr'>inter</span> <span class='ocrx_word' id='word_1_166' title='bbox 1172 3114 1201 3165; x_wconf 83' lang='lat' dir='ltr'>O.</span> <span class='ocrx_word' id='word_1_167' title='bbox 1216 3115 1351 3167; x_wconf 76' lang='lat' dir='ltr'>Caesarem</span> 
     </span>
     <span class='ocr_line' id='line_1_18' title="bbox 136 3195 1348 3260; baseline 0.002 -16"><span class='ocrx_word' id='word_1_168' title='bbox 136 3201 162 3245; x_wconf 86' lang='lat' dir='ltr'>et</span> <span class='ocrx_word' id='word_1_169' title='bbox 174 3196 218 3245; x_wconf 86' lang='lat' dir='ltr'>On.</span> <span class='ocrx_word' id='word_1_170' title='bbox 232 3197 376 3260; x_wconf 84' lang='lat' dir='ltr'>Pompeium</span> <span class='ocrx_word' id='word_1_171' title='bbox 388 3198 436 3247; x_wconf 89' lang='lat' dir='ltr'>iam</span> <span class='ocrx_word' id='word_1_172' title='bbox 448 3198 535 3246; x_wconf 84' lang='lat' dir='ltr'>futura</span> <span class='ocrx_word' id='word_1_173' title='bbox 546 3213 597 3247; x_wconf 88' lang='lat' dir='ltr'>osse</span> <span class='ocrx_word' id='word_1_174' title='bbox 608 3197 722 3247; x_wconf 86' lang='lat' dir='ltr'>videatur</span> <span class='ocrx_word' id='word_1_175' title='bbox 733 3196 856 3246; x_wconf 84' lang='lat' dir='ltr'>contentio</span> <span class='ocrx_word' id='word_1_176' title='bbox 868 3204 893 3245; x_wconf 91' lang='lat' dir='ltr'>et</span> <span class='ocrx_word' id='word_1_177' title='bbox 903 3195 956 3259; x_wconf 87' lang='lat' dir='ltr'>ipse</span> <span class='ocrx_word' id='word_1_178' title='bbox 966 3196 1059 3245; x_wconf 86' lang='lat' dir='ltr'>ineidat</span> <span class='ocrx_word' id='word_1_179' title='bbox 1069 3195 1097 3244; x_wconf 89' lang='lat' dir='ltr'>in</span> <span class='ocrx_word' id='word_1_180' title='bbox 1107 3196 1241 3246; x_wconf 76' lang='lat' dir='ltr'>discrimen</span> <span class='ocrx_word' id='word_1_181' title='bbox 1252 3197 1348 3260; x_wconf 82' lang='lat' dir='ltr'>ipsum,</span> 
     </span>
     <span class='ocr_line' id='line_1_19' title="bbox 136 3275 1349 3343; baseline 0.002 -18"><span class='ocrx_word' id='word_1_182' title='bbox 136 3275 186 3325; x_wconf 89' lang='lat' dir='ltr'>iam</span> <span class='ocrx_word' id='word_1_183' title='bbox 198 3294 230 3326; x_wconf 87' lang='lat' dir='ltr'>ex</span> <span class='ocrx_word' id='word_1_184' title='bbox 241 3279 325 3328; x_wconf 79' lang='lat' dir='ltr'>Attico</span> <span class='ocrx_word' id='word_1_185' title='bbox 342 3280 404 3328; x_wconf 84' lang='lat' dir='ltr'>seire</span> <span class='ocrx_word' id='word_1_186' title='bbox 415 3279 470 3328; x_wconf 87' lang='lat' dir='ltr'>vult</span> <span class='ocrx_word' id='word_1_187' title='bbox 481 3278 541 3343; x_wconf 90' lang='lat' dir='ltr'>qnid</span> <span class='ocrx_word' id='word_1_188' title='bbox 557 3278 605 3328; x_wconf 88' lang='lat' dir='ltr'>sibi</span> <span class='ocrx_word' id='word_1_189' title='bbox 622 3279 744 3342; x_wconf 87' lang='lat' dir='ltr'>agendum</span> <span class='ocrx_word' id='word_1_190' title='bbox 760 3277 794 3326; x_wconf 88' lang='lat' dir='ltr'>sit</span> <span class='ocrx_word' id='word_1_191' title='bbox 804 3293 810 3324; x_wconf 81' lang='lat' dir='ltr'><em>z</em></span> <span class='ocrx_word' id='word_1_192' title='bbox 828 3277 906 3326; x_wconf 88' lang='lat' dir='ltr'>satius</span> <span class='ocrx_word' id='word_1_193' title='bbox 922 3277 1025 3327; x_wconf 75' lang='lat' dir='ltr'>fortuma</span> <span class='ocrx_word' id='word_1_194' title='bbox 1041 3278 1119 3327; x_wconf 79' lang='lat' dir='ltr'>luisse</span> <span class='ocrx_word' id='word_1_195' title='bbox 1135 3293 1237 3327; x_wconf 84' lang='lat' dir='ltr'>manere</span> <span class='ocrx_word' id='word_1_196' title='bbox 1247 3279 1275 3328; x_wconf 93' lang='lat' dir='ltr'>in</span> <span class='ocrx_word' id='word_1_197' title='bbox 1285 3294 1349 3342; x_wconf 89' lang='lat' dir='ltr'>pro·</span> 
     </span>
     <span class='ocr_line' id='line_1_20' title="bbox 136 3357 1351 3423; baseline 0.003 -16"><span class='ocrx_word' id='word_1_198' title='bbox 136 3357 226 3416; x_wconf 81' lang='lat' dir='ltr'>vincia,</span> <span class='ocrx_word' id='word_1_199' title='bbox 236 3375 385 3423; x_wconf 89' lang='lat' dir='ltr'>quamquam</span> <span class='ocrx_word' id='word_1_200' title='bbox 397 3360 470 3409; x_wconf 90' lang='lat' dir='ltr'>etiam</span> <span class='ocrx_word' id='word_1_201' title='bbox 482 3362 512 3408; x_wconf 92' lang='lat' dir='ltr'>de</span> <span class='ocrx_word' id='word_1_202' title='bbox 524 3359 668 3408; x_wconf 83' lang='lat' dir='ltr'>difficultate</span> <span class='ocrx_word' id='word_1_203' title='bbox 679 3358 886 3408; x_wconf 85' lang='lat' dir='ltr'>administrandae</span> <span class='ocrx_word' id='word_1_204' title='bbox 897 3358 993 3422; x_wconf 86' lang='lat' dir='ltr'>integre</span> <span class='ocrx_word' id='word_1_205' title='bbox 1000 3359 1140 3421; x_wconf 82' lang='lat' dir='ltr'>provinciae</span> <span class='ocrx_word' id='word_1_206' title='bbox 1150 3358 1262 3408; x_wconf 86' lang='lat' dir='ltr'>maximo</span> <span class='ocrx_word' id='word_1_207' title='bbox 1272 3374 1351 3423; x_wconf 78' lang='lat' dir='ltr'>opere</span> 
     </span>
     <span class='ocr_line' id='line_1_21' title="bbox 137 3439 1352 3504; baseline 0.004 -17"><span class='ocrx_word' id='word_1_208' title='bbox 137 3439 256 3502; x_wconf 83' lang='lat' dir='ltr'>quaritur.</span> <span class='ocrx_word' id='word_1_209' title='bbox 285 3440 349 3489; x_wconf 81' lang='lat' dir='ltr'>Dein</span> <span class='ocrx_word' id='word_1_210' title='bbox 361 3443 391 3490; x_wconf 87' lang='lat' dir='ltr'>do</span> <span class='ocrx_word' id='word_1_211' title='bbox 403 3441 581 3504; x_wconf 78' lang='lat' dir='ltr'>supplicatione</span> <span class='ocrx_word' id='word_1_212' title='bbox 593 3440 640 3489; x_wconf 91' lang='lat' dir='ltr'>sibi</span> <span class='ocrx_word' id='word_1_213' title='bbox 649 3442 746 3489; x_wconf 84' lang='lat' dir='ltr'>decreta</span> <span class='ocrx_word' id='word_1_214' title='bbox 755 3446 780 3489; x_wconf 89' lang='lat' dir='ltr'>et</span> <span class='ocrx_word' id='word_1_215' title='bbox 788 3441 817 3489; x_wconf 90' lang='lat' dir='ltr'>de</span> <span class='ocrx_word' id='word_1_216' title='bbox 829 3446 969 3503; x_wconf 85' lang='lat' dir='ltr'>exspectato</span> <span class='ocrx_word' id='word_1_217' title='bbox 979 3440 1112 3503; x_wconf 90' lang='lat' dir='ltr'>triumpho,</span> <span class='ocrx_word' id='word_1_218' title='bbox 1122 3446 1176 3489; x_wconf 89' lang='lat' dir='ltr'>tum</span> <span class='ocrx_word' id='word_1_219' title='bbox 1184 3440 1216 3489; x_wconf 84' lang='lat' dir='ltr'>de</span> <span class='ocrx_word' id='word_1_220' title='bbox 1224 3440 1352 3504; x_wconf 73' lang='lat' dir='ltr'>planando</span> 
     </span>
     <span class='ocr_line' id='line_1_22' title="bbox 138 3520 1353 3586; baseline 0.005 -18"><span class='ocrx_word' id='word_1_221' title='bbox 138 3520 222 3580; x_wconf 87' lang='lat' dir='ltr'>Hirro,</span> <span class='ocrx_word' id='word_1_222' title='bbox 236 3522 266 3571; x_wconf 92' lang='lat' dir='ltr'>de</span> <span class='ocrx_word' id='word_1_223' title='bbox 278 3522 352 3572; x_wconf 92' lang='lat' dir='ltr'>rebus</span> <span class='ocrx_word' id='word_1_224' title='bbox 363 3522 511 3584; x_wconf 80' lang='lat' dir='ltr'>domesticis,</span> <span class='ocrx_word' id='word_1_225' title='bbox 525 3523 556 3572; x_wconf 85' lang='lat' dir='ltr'>de</span> <span class='ocrx_word' id='word_1_226' title='bbox 566 3522 641 3571; x_wconf 78' lang='lat' dir='ltr'>furtis</span> <span class='ocrx_word' id='word_1_227' title='bbox 652 3521 780 3571; x_wconf 90' lang='lat' dir='ltr'>Philotimi</span> <span class='ocrx_word' id='word_1_228' title='bbox 796 3521 880 3571; x_wconf 82' lang='lat' dir='ltr'>liberti</span> <span class='ocrx_word' id='word_1_229' title='bbox 896 3528 922 3572; x_wconf 92' lang='lat' dir='ltr'>et</span> <span class='ocrx_word' id='word_1_230' title='bbox 938 3521 968 3571; x_wconf 89' lang='lat' dir='ltr'>de</span> <span class='ocrx_word' id='word_1_231' title='bbox 984 3538 1009 3571; x_wconf 90' lang='lat' dir='ltr'>re</span> <span class='ocrx_word' id='word_1_232' title='bbox 1020 3521 1140 3571; x_wconf 72' lang='lat' dir='ltr'>familiari</span> <span class='ocrx_word' id='word_1_233' title='bbox 1149 3537 1204 3571; x_wconf 85' lang='lat' dir='ltr'>sua.</span> <span class='ocrx_word' id='word_1_234' title='bbox 1240 3521 1353 3586; x_wconf 81' lang='lat' dir='ltr'>Scripsit</span> 
     </span>
     <span class='ocr_line' id='line_1_23' title="bbox 139 3602 249 3652; baseline 0.018 -3"><span class='ocrx_word' id='word_1_235' title='bbox 139 3602 249 3652; x_wconf 72' lang='lat' dir='ltr'>Athenis.</span> 
     </span>
    </p>
   </div>
   <div class='ocr_carea' id='block_1_6' title="bbox 555 3756 929 3813">
    <p class='ocr_par' dir='ltr' id='par_1_6' title="bbox 555 3756 929 3813">
     <span class='ocr_line' id='line_1_24' title="bbox 555 3756 929 3813; baseline -0.003 -1"><span class='ocrx_word' id='word_1_236' title='bbox 555 3756 687 3813; x_wconf 82' lang='lat' dir='ltr'>CICERO</span> <span class='ocrx_word' id='word_1_237' title='bbox 705 3757 835 3812; x_wconf 83' lang='lat' dir='ltr'><strong>ATTICO</strong></span> <span class='ocrx_word' id='word_1_238' title='bbox 855 3756 929 3812; x_wconf 84' lang='lat' dir='ltr'>SAL.</span> 
     </span>
    </p>
   </div>
   <div class='ocr_carea' id='block_1_7' title="bbox 137 3911 1351 4189">
    <p class='ocr_par' dir='ltr' id='par_1_7' title="bbox 137 3911 1351 4189">
     <span class='ocr_line' id='line_1_25' title="bbox 204 3911 1351 3999; baseline 0.004 -22"><span class='ocrx_word' id='word_1_239' title='bbox 204 3914 232 3976; x_wconf 92' lang='lat' dir='ltr'>l.</span> <span class='ocrx_word' id='word_1_240' title='bbox 257 3911 420 3978; x_wconf 86' lang='lat' dir='ltr'>Dederam</span> <span class='ocrx_word' id='word_1_241' title='bbox 448 3913 597 3999; x_wconf 91' lang='lat' dir='ltr'>equidem</span> <span class='ocrx_word' id='word_1_242' title='bbox 622 3912 661 3979; x_wconf 91' lang='lat' dir='ltr'>L.</span> <span class='ocrx_word' id='word_1_243' title='bbox 694 3913 825 3979; x_wconf 82' lang='lat' dir='ltr'>Saufeio</span> <span class='ocrx_word' id='word_1_244' title='bbox 854 3915 979 3980; x_wconf 83' lang='lat' dir='ltr'>litteras</span> <span class='ocrx_word' id='word_1_245' title='bbox 1007 3917 1040 3980; x_wconf 90' lang='lat' dir='ltr'>et</span> <span class='ocrx_word' id='word_1_246' title='bbox 1066 3915 1220 3981; x_wconf 87' lang='lat' dir='ltr'>dederam</span> <span class='ocrx_word' id='word_1_247' title='bbox 1246 3917 1290 3982; x_wconf 90' lang='lat' dir='ltr'>ad</span> <span class='ocrx_word' id='word_1_248' title='bbox 1314 3921 1351 3983; x_wconf 84' lang='lat' dir='ltr'>te</span> 
     </span>
     <span class='ocr_line' id='line_1_26' title="bbox 138 4016 1348 4102; baseline 0.005 -23"><span class='ocrx_word' id='word_1_249' title='bbox 138 4037 250 4095; x_wconf 91' lang='lat' dir='ltr'>unum,</span> <span class='ocrx_word' id='word_1_250' title='bbox 274 4018 370 4100; x_wconf 92' lang='lat' dir='ltr'>quod,</span> <span class='ocrx_word' id='word_1_251' title='bbox 395 4041 468 4083; x_wconf 89' lang='lat' dir='ltr'>oum</span> <span class='ocrx_word' id='word_1_252' title='bbox 490 4041 555 4082; x_wconf 92' lang='lat' dir='ltr'>non</span> <span class='ocrx_word' id='word_1_253' title='bbox 580 4021 662 4083; x_wconf 88' lang='lat' dir='ltr'>esset</span> <span class='ocrx_word' id='word_1_254' title='bbox 685 4018 837 4102; x_wconf 87' lang='lat' dir='ltr'>temporis</span> <span class='ocrx_word' id='word_1_255' title='bbox 860 4018 941 4082; x_wconf 94' lang='lat' dir='ltr'>mihi</span> <span class='ocrx_word' id='word_1_256' title='bbox 964 4016 1234 4084; x_wconf 78' lang='lat' dir='ltr'>adscribendum</span> <span class='ocrx_word' id='word_1_257' title='bbox 1256 4019 1348 4099; x_wconf 86' lang='lat' dir='ltr'>satis,</span> 
     </span>
     <span class='ocr_line' id='line_1_27' title="bbox 137 4119 1348 4189; baseline 0.004 -6"><span class='ocrx_word' id='word_1_258' title='bbox 137 4122 247 4184; x_wconf 84' lang='lat' dir='ltr'>tamen</span> <span class='ocrx_word' id='word_1_259' title='bbox 261 4119 425 4186; x_wconf 91' lang='lat' dir='ltr'>hominem</span> <span class='ocrx_word' id='word_1_260' title='bbox 439 4120 501 4186; x_wconf 90' lang='lat' dir='ltr'>tibi</span> <span class='ocrx_word' id='word_1_261' title='bbox 515 4125 583 4185; x_wconf 82' lang='lat' dir='ltr'>tam</span> <span class='ocrx_word' id='word_1_262' title='bbox 598 4121 792 4187; x_wconf 82' lang='lat' dir='ltr'>familiarem</span> <span class='ocrx_word' id='word_1_263' title='bbox 813 4121 881 4187; x_wconf 93' lang='lat' dir='ltr'>sine</span> <span class='ocrx_word' id='word_1_264' title='bbox 903 4121 982 4187; x_wconf 94' lang='lat' dir='ltr'>meis</span> <span class='ocrx_word' id='word_1_265' title='bbox 996 4122 1113 4187; x_wconf 89' lang='lat' dir='ltr'>litteris</span> <span class='ocrx_word' id='word_1_266' title='bbox 1126 4122 1169 4186; x_wconf 84' lang='lat' dir='ltr'>ad</span> <span class='ocrx_word' id='word_1_267' title='bbox 1183 4126 1219 4188; x_wconf 83' lang='lat' dir='ltr'>te</span> <span class='ocrx_word' id='word_1_268' title='bbox 1233 4123 1348 4189; x_wconf 85' lang='lat' dir='ltr'>venire</span> 
     </span>
    </p>
   </div>
   <div class='ocr_carea' id='block_1_8' title="bbox 133 4322 1346 4971">
    <p class='ocr_par' dir='ltr' id='par_1_8' title="bbox 168 4322 1346 4391">
     <span class='ocr_line' id='line_1_28' title="bbox 168 4322 1346 4391; baseline 0.007 -21"><span class='ocrx_word' id='word_1_269' title='bbox 168 4322 253 4388; x_wconf 78' lang='lat' dir='ltr'>citius]</span> <span class='ocrx_word' id='word_1_270' title='bbox 286 4339 344 4386; x_wconf 86' lang='lat' dir='ltr'>goes</span> <span class='ocrx_word' id='word_1_271' title='bbox 355 4324 417 4375; x_wconf 82' lang='lat' dir='ltr'>with</span> <span class='ocrx_word' id='word_1_272' title='bbox 428 4328 558 4375; x_wconf 76' lang='lat' dir='ltr'>veniamus.</span> <span class='ocrx_word' id='word_1_273' title='bbox 801 4324 859 4391; x_wconf 70' lang='lat' dir='ltr'>Vos]</span> <span class='ocrx_word' id='word_1_274' title='bbox 892 4324 946 4374; x_wconf 81' lang='lat' dir='ltr'>Tho</span> <span class='ocrx_word' id='word_1_275' title='bbox 962 4324 1043 4388; x_wconf 79' lang='lat' dir='ltr'>plural</span> <span class='ocrx_word' id='word_1_276' title='bbox 1059 4340 1118 4389; x_wconf 84' lang='lat' dir='ltr'>may</span> <span class='ocrx_word' id='word_1_277' title='bbox 1132 4324 1163 4374; x_wconf 79' lang='lat' dir='ltr'>be</span> <span class='ocrx_word' id='word_1_278' title='bbox 1180 4327 1244 4375; x_wconf 86' lang='lat' dir='ltr'>used</span> <span class='ocrx_word' id='word_1_279' title='bbox 1260 4326 1346 4378; x_wconf 72' lang='lat' dir='ltr'>vllem</span> 
     </span>
    </p>

    <p class='ocr_par' dir='ltr' id='par_1_9' title="bbox 137 4389 1346 4518">
     <span class='ocr_line' id='line_1_29' title="bbox 169 4389 1346 4455; baseline 0.007 -19"><span class='ocrx_word' id='word_1_280' title='bbox 169 4391 193 4436; x_wconf 83' lang='lat'>2.</span> <span class='ocrx_word' id='word_1_281' title='bbox 212 4389 343 4436; x_wconf 74' lang='lat' dir='ltr'>hereditate</span> <span class='ocrx_word' id='word_1_282' title='bbox 351 4389 481 4455; x_wconf 80' lang='lat' dir='ltr'>Preciana]</span> <span class='ocrx_word' id='word_1_283' title='bbox 497 4389 643 4441; x_wconf 73' lang='lat' dir='ltr'>seedttvi.</span> <span class='ocrx_word' id='word_1_284' title='bbox 654 4393 677 4451; x_wconf 82' lang='lat'>9,</span> <span class='ocrx_word' id='word_1_285' title='bbox 687 4393 710 4452; x_wconf 83' lang='lat'>2,</span> <span class='ocrx_word' id='word_1_286' title='bbox 762 4405 810 4440; x_wconf 87' lang='lat' dir='ltr'>ono</span> <span class='ocrx_word' id='word_1_287' title='bbox 824 4406 911 4453; x_wconf 89' lang='lat' dir='ltr'>person</span> <span class='ocrx_word' id='word_1_288' title='bbox 931 4390 953 4439; x_wconf 87' lang='lat' dir='ltr'>is</span> <span class='ocrx_word' id='word_1_289' title='bbox 969 4390 1074 4453; x_wconf 87' lang='lat' dir='ltr'>direetly</span> <span class='ocrx_word' id='word_1_290' title='bbox 1091 4390 1223 4439; x_wconf 84' lang='lat' dir='ltr'>addressed</span> <span class='ocrx_word' id='word_1_291' title='bbox 1237 4391 1260 4441; x_wconf 74' lang='lat' dir='ltr'>if</span> <span class='ocrx_word' id='word_1_292' title='bbox 1274 4392 1298 4442; x_wconf 87' lang='lat' dir='ltr'>it</span> <span class='ocrx_word' id='word_1_293' title='bbox 1314 4393 1346 4444; x_wconf 82' lang='lat' dir='ltr'>bs</span> 
     </span>
     <span class='ocr_line' id='line_1_30' title="bbox 137 4450 1344 4518; baseline 0.007 -19"><span class='ocrx_word' id='word_1_294' title='bbox 137 4450 184 4514; x_wconf 88' lang='lat' dir='ltr'>Ep.</span> <span class='ocrx_word' id='word_1_295' title='bbox 198 4453 313 4501; x_wconf 80' lang='lat' dir='ltr'>cclxxxii.</span> <span class='ocrx_word' id='word_1_296' title='bbox 763 4456 880 4504; x_wconf 87' lang='lat' dir='ltr'>intended</span> <span class='ocrx_word' id='word_1_297' title='bbox 888 4461 913 4503; x_wconf 92' lang='lat' dir='ltr'>to</span> <span class='ocrx_word' id='word_1_298' title='bbox 922 4453 1124 4504; x_wconf 85' lang='lat' dir='ltr'>includeothers:</span> <span class='ocrx_word' id='word_1_299' title='bbox 1138 4454 1177 4504; x_wconf 91' lang='lat' dir='ltr'>De</span> <span class='ocrx_word' id='word_1_300' title='bbox 1186 4456 1256 4506; x_wconf 86' lang='lat' dir='ltr'>Orat.</span> <span class='ocrx_word' id='word_1_301' title='bbox 1266 4457 1285 4507; x_wconf 89' lang='lat' dir='ltr'>i.</span> <span class='ocrx_word' id='word_1_302' title='bbox 1297 4460 1344 4518; x_wconf 73' lang='lat'>³⁸3</span> 
     </span>
    </p>

    <p class='ocr_par' dir='ltr' id='par_1_10' title="bbox 136 4516 1344 4695">
     <span class='ocr_line' id='line_1_31' title="bbox 169 4516 1344 4582; baseline 0.007 -19"><span class='ocrx_word' id='word_1_303' title='bbox 169 4516 220 4581; x_wconf 80' lang='lat' dir='ltr'>sed]</span> <span class='ocrx_word' id='word_1_304' title='bbox 246 4520 293 4565; x_wconf 86' lang='lat' dir='ltr'>Sed</span> <span class='ocrx_word' id='word_1_305' title='bbox 311 4517 332 4566; x_wconf 93' lang='lat' dir='ltr'>is</span> <span class='ocrx_word' id='word_1_306' title='bbox 350 4518 419 4568; x_wconf 79' lang='lat' dir='ltr'>often</span> <span class='ocrx_word' id='word_1_307' title='bbox 433 4519 494 4567; x_wconf 85' lang='lat' dir='ltr'>used</span> <span class='ocrx_word' id='word_1_308' title='bbox 508 4519 573 4569; x_wconf 83' lang='lat' dir='ltr'>after</span> <span class='ocrx_word' id='word_1_309' title='bbox 590 4535 605 4568; x_wconf 94' lang='lat' dir='ltr'>a</span> <span class='ocrx_word' id='word_1_310' title='bbox 622 4535 710 4582; x_wconf 91' lang='lat' dir='ltr'>paren·</span> <span class='ocrx_word' id='word_1_311' title='bbox 762 4518 837 4582; x_wconf 79' lang='lat' dir='ltr'>Verg.</span> <span class='ocrx_word' id='word_1_312' title='bbox 857 4521 920 4568; x_wconf 77' lang='lat' dir='ltr'>Aen.</span> <span class='ocrx_word' id='word_1_313' title='bbox 940 4519 958 4568; x_wconf 93' lang='lat' dir='ltr'>i.</span> <span class='ocrx_word' id='word_1_314' title='bbox 982 4523 1036 4576; x_wconf 76' lang='lat'>140,</span> <span class='ocrx_word' id='word_1_315' title='bbox 1054 4527 1151 4575; x_wconf 76' lang='lat' dir='ltr'>restrae,</span> <span class='ocrx_word' id='word_1_316' title='bbox 1170 4522 1246 4581; x_wconf 77' lang='lat' dir='ltr'>Eure,</span> <span class='ocrx_word' id='word_1_317' title='bbox 1266 4524 1344 4571; x_wconf 68' lang='grc' dir='ltr'>ἄοικα</span> 
     </span>
     <span class='ocr_line' id='line_1_32' title="bbox 136 4581 1316 4655; baseline 0.006 -25"><span class='ocrx_word' id='word_1_318' title='bbox 136 4581 227 4655; x_wconf 77' lang='lat' dir='ltr'>thesis:</span> <span class='ocrx_word' id='word_1_319' title='bbox 257 4598 296 4645; x_wconf 89' lang='lat' dir='ltr'>op.</span> <span class='ocrx_word' id='word_1_320' title='bbox 317 4589 375 4632; x_wconf 85' lang='lat' dir='ltr'>noto</span> <span class='ocrx_word' id='word_1_321' title='bbox 394 4585 497 4634; x_wconf 82' lang='lat' dir='ltr'>onAtt.</span> <span class='ocrx_word' id='word_1_322' title='bbox 516 4584 534 4632; x_wconf 93' lang='lat' dir='ltr'>i.</span> <span class='ocrx_word' id='word_1_323' title='bbox 558 4588 595 4644; x_wconf 89' lang='lat'>10,</span> <span class='ocrx_word' id='word_1_324' title='bbox 618 4588 640 4644; x_wconf 91' lang='lat' dir='ltr'>l,</span> <span class='ocrx_word' id='word_1_325' title='bbox 662 4584 710 4648; x_wconf 87' lang='lat' dir='ltr'>Ep.</span> <span class='ocrx_word' id='word_1_326' title='bbox 763 4584 897 4649; x_wconf 87' lang='lat' dir='ltr'>(Watson).</span> <span class='ocrx_word' id='word_1_327' title='bbox 931 4584 1068 4633; x_wconf 74' lang='lat' dir='ltr'>sddBrut.</span> <span class='ocrx_word' id='word_1_328' title='bbox 1084 4587 1121 4644; x_wconf 90' lang='lat' dir='ltr'>ll,</span> <span class='ocrx_word' id='word_1_329' title='bbox 1136 4583 1170 4633; x_wconf 87' lang='lat' dir='ltr'>N.</span> <span class='ocrx_word' id='word_1_330' title='bbox 1183 4584 1219 4635; x_wconf 91' lang='lat' dir='ltr'>D.</span> <span class='ocrx_word' id='word_1_331' title='bbox 1231 4585 1260 4635; x_wconf 92' lang='lat' dir='ltr'>ii.</span> <span class='ocrx_word' id='word_1_332' title='bbox 1273 4588 1316 4640; x_wconf 77' lang='lat'>7³.</span> 
     </span>
     <span class='ocr_line' id='line_1_33' title="bbox 136 4662 171 4695; baseline 0.029 -1"><span class='ocrx_word' id='word_1_333' title='bbox 136 4662 171 4695; x_wconf 81' lang='lat' dir='ltr'>vr.</span> 
     </span>
    </p>

    <p class='ocr_par' dir='ltr' id='par_1_11' title="bbox 133 4709 1341 4971">
     <span class='ocr_line' id='line_1_34' title="bbox 172 4709 1341 4778; baseline 0.006 -19"><span class='ocrx_word' id='word_1_334' title='bbox 172 4709 298 4776; x_wconf 77' lang='lat' dir='ltr'>Camillus]</span> <span class='ocrx_word' id='word_1_335' title='bbox 316 4712 444 4777; x_wconf 82' lang='lat' dir='ltr'>Alawyer</span> <span class='ocrx_word' id='word_1_336' title='bbox 453 4712 536 4761; x_wconf 88' lang='lat' dir='ltr'>friend</span> <span class='ocrx_word' id='word_1_337' title='bbox 550 4712 578 4762; x_wconf 83' lang='lat' dir='ltr'>of</span> <span class='ocrx_word' id='word_1_338' title='bbox 595 4712 710 4773; x_wconf 82' lang='lat' dir='ltr'>Cicero’s,</span> <span class='ocrx_word' id='word_1_339' title='bbox 797 4715 820 4761; x_wconf 88' lang='lat' dir='ltr'>l.</span> <span class='ocrx_word' id='word_1_340' title='bbox 836 4712 921 4762; x_wconf 79' lang='lat' dir='ltr'>Cioero</span> <span class='ocrx_word' id='word_1_341' title='bbox 940 4712 1026 4777; x_wconf 78' lang='lat' dir='ltr'>begins</span> <span class='ocrx_word' id='word_1_342' title='bbox 1045 4712 1081 4778; x_wconf 84' lang='lat' dir='ltr'>by</span> <span class='ocrx_word' id='word_1_343' title='bbox 1099 4712 1188 4777; x_wconf 78' lang='lat' dir='ltr'>giving</span> <span class='ocrx_word' id='word_1_344' title='bbox 1208 4714 1307 4765; x_wconf 78' lang='lat' dir='ltr'>Atticus</span> <span class='ocrx_word' id='word_1_345' title='bbox 1324 4731 1341 4766; x_wconf 83' lang='lat' dir='ltr'>a</span> 
     </span>
     <span class='ocr_line' id='line_1_35' title="bbox 137 4774 1338 4844; baseline 0.005 -21"><span class='ocrx_word' id='word_1_346' title='bbox 137 4774 219 4824; x_wconf 86' lang='lat' dir='ltr'>whose</span> <span class='ocrx_word' id='word_1_347' title='bbox 234 4775 342 4837; x_wconf 83' lang='lat' dir='ltr'>opinion,</span> <span class='ocrx_word' id='word_1_348' title='bbox 360 4777 491 4841; x_wconf 86' lang='lat' dir='ltr'>especially</span> <span class='ocrx_word' id='word_1_349' title='bbox 502 4793 534 4826; x_wconf 93' lang='lat' dir='ltr'>on</span> <span class='ocrx_word' id='word_1_350' title='bbox 545 4778 670 4841; x_wconf 86' lang='lat' dir='ltr'>questions</span> <span class='ocrx_word' id='word_1_351' title='bbox 685 4777 713 4827; x_wconf 77' lang='lat' dir='ltr'>of</span> <span class='ocrx_word' id='word_1_352' title='bbox 761 4781 854 4825; x_wconf 80' lang='lat' dir='ltr'>rerume&#39;</span> <span class='ocrx_word' id='word_1_353' title='bbox 867 4778 894 4827; x_wconf 83' lang='lat' dir='ltr'>of</span> <span class='ocrx_word' id='word_1_354' title='bbox 910 4778 953 4827; x_wconf 87' lang='lat' dir='ltr'>the</span> <span class='ocrx_word' id='word_1_355' title='bbox 970 4784 1081 4828; x_wconf 83' lang='lat' dir='ltr'>contenta</span> <span class='ocrx_word' id='word_1_356' title='bbox 1097 4778 1125 4827; x_wconf 81' lang='lat' dir='ltr'>oi</span> <span class='ocrx_word' id='word_1_357' title='bbox 1136 4780 1191 4828; x_wconf 78' lang='lat' dir='ltr'>Au.</span> <span class='ocrx_word' id='word_1_358' title='bbox 1205 4780 1241 4829; x_wconf 84' lang='lat' dir='ltr'>vi.</span> <span class='ocrx_word' id='word_1_359' title='bbox 1254 4783 1278 4842; x_wconf 88' lang='lat'>9,</span> <span class='ocrx_word' id='word_1_360' title='bbox 1291 4779 1338 4844; x_wconf 82' lang='lat' dir='ltr'>Ep.</span> 
     </span>
     <span class='ocr_line' id='line_1_36' title="bbox 136 4838 1339 4908; baseline 0.007 -21"><span class='ocrx_word' id='word_1_361' title='bbox 136 4838 449 4904; x_wconf 84' lang='lat' dir='ltr'>bail,hehighlyvalued:</span> <span class='ocrx_word' id='word_1_362' title='bbox 466 4842 709 4905; x_wconf 82' lang='lat' dir='ltr'>op.Fam.v.20,3;</span> <span class='ocrx_word' id='word_1_363' title='bbox 761 4842 888 4904; x_wconf 69' lang='lat' dir='ltr'>cclxxxii,</span> <span class='ocrx_word' id='word_1_364' title='bbox 917 4842 1001 4893; x_wconf 80' lang='lat' dir='ltr'>which</span> <span class='ocrx_word' id='word_1_365' title='bbox 1026 4843 1058 4894; x_wconf 87' lang='lat' dir='ltr'>ho</span> <span class='ocrx_word' id='word_1_366' title='bbox 1083 4842 1133 4894; x_wconf 84' lang='lat' dir='ltr'>had</span> <span class='ocrx_word' id='word_1_367' title='bbox 1155 4850 1212 4895; x_wconf 82' lang='lat' dir='ltr'>sant</span> <span class='ocrx_word' id='word_1_368' title='bbox 1233 4844 1286 4895; x_wconf 86' lang='lat' dir='ltr'>him</span> <span class='ocrx_word' id='word_1_369' title='bbox 1306 4844 1339 4908; x_wconf 79' lang='lat' dir='ltr'>by</span> 
     </span>
     <span class='ocr_line' id='line_1_37' title="bbox 133 4903 887 4971; baseline 0.003 -17"><span class='ocrx_word' id='word_1_370' title='bbox 133 4903 189 4955; x_wconf 76' lang='lat' dir='ltr'>xiv.</span> <span class='ocrx_word' id='word_1_371' title='bbox 203 4908 242 4968; x_wconf 78' lang='lat'>14,</span> <span class='ocrx_word' id='word_1_372' title='bbox 253 4908 284 4961; x_wconf 77' lang='lat'>2;</span> <span class='ocrx_word' id='word_1_373' title='bbox 304 4907 358 4956; x_wconf 73' lang='lat' dir='ltr'>stt.</span> <span class='ocrx_word' id='word_1_374' title='bbox 371 4922 396 4956; x_wconf 85' lang='grc' dir='ltr'>ι.</span> <span class='ocrx_word' id='word_1_375' title='bbox 409 4909 433 4968; x_wconf 87' lang='grc'>8,</span> <span class='ocrx_word' id='word_1_376' title='bbox 447 4909 471 4969; x_wconf 85' lang='grc'>3,</span> <span class='ocrx_word' id='word_1_377' title='bbox 484 4906 532 4971; x_wconf 87' lang='lat' dir='ltr'>Ep.</span> <span class='ocrx_word' id='word_1_378' title='bbox 545 4907 628 4957; x_wconf 81' lang='lat' dir='ltr'>axelii.</span> <span class='ocrx_word' id='word_1_379' title='bbox 762 4906 887 4958; x_wconf 79' lang='lat' dir='ltr'>Saufeius.</span> 
     </span>
    </p>
   </div>
   <div class='ocr_carea' id='block_1_9' title="bbox 0 0 1495 5356">
    <p class='ocr_par' dir='ltr' id='par_1_12' title="bbox 0 0 1495 5356">
     <span class='ocr_line' id='line_1_38' title="bbox 0 0 1495 5356; baseline 0 0"><span class='ocrx_word' id='word_1_380' title='bbox 0 0 1495 5356; x_wconf 95' lang='lat' dir='ltr'> </span> 
     </span>
    </p>
   </div>
  </div>
 </body>
</html>
