2976 5356
515 349 703 417 eoam
729 350 846 435 (nnn
878 352 937 421 Vl.
960 354 1008 436 5).
1287 359 1351 425 221

139 522 264 628 salvus,
283 525 324 589 ut
343 544 444 609 spero,
459 521 585 603 venisti,
606 522 739 605 videbis,
766 528 805 590 ut
826 526 918 606 soles,
942 526 1062 607 omnia,
1079 551 1161 615 quae
1181 530 1353 619 intelleges

141 630 257 694 nemra
270 624 432 707 iuteresse,
447 627 483 692 in
497 627 610 713 primis
624 629 666 694 de
680 626 790 693 Tullia
810 650 893 707 mea,
909 629 1001 696 ouius
1016 631 1057 697 de
1071 633 1258 701 eondioione
1272 637 1352 721 quid

141 728 229 797 mihi
238 729 380 817 plaeeret
393 729 505 816 soripsi
515 732 558 796 ad
566 729 762 811 Terentiam,
778 754 853 798 oum
867 736 905 799 tu
918 733 955 799 in
967 733 1103 802 Graeoia
1116 759 1199 803 esses
1210 760 1218 803 τ
1234 739 1351 806 deinde

139 834 187 899 de
207 832 330 900 honore
351 836 482 899 nostro:
513 834 599 918 quod
618 834 706 900 enim
725 840 763 901 tu
782 836 906 918 aluisti,
928 860 1040 905 vereor
1061 844 1099 905 ut
1118 841 1196 906 satis
1211 841 1350 928 diligen·

140 940 196 1004 ter
209 942 320 1003 aetum
333 937 369 1002 in
383 940 499 1003 senatu
513 937 556 1002 sit
575 938 615 1002 de
629 937 747 1004 litteris
768 939 856 1006 meis.
903 942 934 1006 3.
958 941 1049 1007 Illud
1063 947 1229 1029 praeterea
1243 974 1349 1026 μνοτι·

141 1044 281 1125 κότερον
296 1041 339 1107 ad
352 1043 385 1106 te
400 1039 546 1121 seribam,
566 1044 605 1106 tu
625 1041 770 1127 sagaoius
792 1044 985 1111 odorabere:
1008 1056 1065 1122 τῆς
1081 1044 1240 1133 δάμαρτός
1253 1055 1349 1131 pout

141 1142 494 1229 ἂτελεῦθερος-οἶοθο
511 1145 550 1211 ὃν
564 1144 781 1231 λέγω-ἔδοξέ
794 1174 847 1230 μοι
864 1150 985 1234 πρώην,
1001 1147 1036 1223 ἐξ
1052 1149 1097 1214 ὦν
1112 1148 1350 1236 ἆλογευόμενος

140 1248 390 1335 παρεφθέγγετο,
406 1253 610 1334 πεφνροκένοι
624 1250 682 1325 τὰς·
696 1252 824 1335 ψήφους
838 1253 871 1318 ἐκ
884 1261 941 1328 τῆς
956 1253 1040 1329 ὠνῆς
1055 1257 1119 1318 τῶν
1135 1254 1350 1341 ὑπαρχόντων

138 1360 200 1419 τοῦ
216 1354 440 1436 Κροτωνιάτου
455 1355 718 1438 τυραννοκτόνου·
736 1349 856 1420 δέδοικα
870 1353 920 1435 δή,
935 1360 977 1436 μή
992 1383 1021 1421 τι
1038 1360 1168 1443 νοήσῃς·
1186 1359 1230 1432 εἷς
1245 1356 1348 1434 δήπου

140 1465 237 1523 τοῦτο
253 1454 292 1534 δὴ
306 1458 571 1541 περισκεψάμενος
586 1458 623 1522 τὰ
639 1456 737 1523 λοιπὰ
753 1454 969 1540 ἐξασφᾶλιοοι.
1016 1457 1051 1523 Ν
1052 1479 1095 1523 on
1109 1479 1192 1543 queo
1206 1463 1348 1542 tantum,

139 1562 304 1645 quantum
327 1580 448 1639 vereor,
472 1557 617 1625 seribere.
663 1556 716 1624 Tu
740 1562 850 1624 autom
875 1558 928 1625 fao
952 1564 990 1626 ut
1015 1560 1097 1626 mihi
1121 1567 1196 1627 tuae
1220 1562 1348 1631 litterae

140 1662 253 1729 volent
277 1661 401 1729 obviae.
446 1660 541 1728 Haeo
562 1662 720 1728 festinans
744 1661 856 1747 seripsi
879 1662 915 1729 in
940 1663 1056 1730 itinere
1085 1669 1182 1750 atquo
1204 1667 1345 1752 agmine.

141 1764 245 1833 Piliae
267 1768 302 1832 st
322 1765 449 1852 puellae
471 1764 629 1833 Caeoiliae
650 1764 842 1833 bellissimae
865 1767 1003 1834 salutem
1025 1767 1124 1835 diaes.

262 2151 449 2219 CCLXIX.
497 2150 667 2220 CICERO
690 2150 749 2218 ΤΟ
771 2151 973 2221 ATTICUS
1000 2154 1097 2236 (Aru.
1123 2177 1169 2221 v1.
1195 2156 1237 2241 o).

392 2392 396 2401 -
437 2372 469 2415 a.
486 2370 519 2415 u,
535 2370 563 2414 c.
580 2368 647 2424 rou
672 2370 703 2414 a.
720 2369 747 2416 c.
765 2370 818 2428 6⁰3
841 2371 916 2415 aar.
933 2371 993 2416 erc.
1009 2371 1050 2419 oo.

185 2534 228 2587 De
244 2540 386 2599 exspectato
396 2535 475 2586 Attici
490 2536 599 2586 adventu
615 2535 643 2585 in
659 2535 754 2595 urbem,
773 2535 805 2585 ab
822 2550 851 2585 eo
868 2535 937 2599 eupit
953 2535 1000 2585 sibi
1016 2535 1112 2586 litteras
1127 2534 1213 2586 obrias
1228 2536 1303 2598 mitti,
1316 2536 1344 2587 in

137 2615 224 2683 primis
234 2618 266 2667 de
276 2616 412 2667 rationibus
427 2616 534 2667 turbatis
550 2616 578 2667 in
593 2632 620 2667 re
636 2632 682 2667 sua
697 2616 817 2666 familiari
833 2632 877 2680 per
892 2616 1009 2667 libertum
1025 2617 1110 2667 uxoris
1126 2633 1282 2682 anteaquam
1291 2633 1344 2669 rem

139 2700 232 2751 Gneoe
244 2704 271 2751 dr
282 2700 403 2762 αἰνιγμοῖς
414 2698 516 2763 exponit
532 2704 558 2748 et
573 2699 695 2749 maximae
712 2714 785 2748 curae
795 2698 880 2748 Attico
895 2715 948 2749 esse
958 2699 1030 2749 vult:
1049 2715 1076 2749 se
1087 2699 1113 2749 in
1124 2699 1177 2763 ipse
1188 2700 1287 2750 deeessu
1299 2717 1344 2752 suo

138 2780 304 2833 wllieitudiua
314 2779 456 2844 provinciae
467 2778 574 2830 maxime
585 2779 676 2844 urgeri,
696 2781 726 2829 de
744 2780 834 2830 Bibulo
851 2779 899 2829 sibi
911 2795 960 2830 nen
971 2780 1082 2843 molesto,
1095 2781 1126 2831 da
1136 2781 1258 2833 brevitate
1267 2782 1344 2833 huius

138 2862 215 2928 ipsius
225 2862 351 2928 epistolae.
386 2861 490 2926 Seripsit
500 2861 572 2912 Tarsi
582 2860 614 2912 V.
627 2860 685 2911 Kal.
699 2861 822 2918 Quinctil.

553 3039 683 3095 CICERO
701 3040 833 3095 ATTICO
853 3040 929 3095 SAL.

203 3177 233 3241 1.
256 3173 355 3241 Nune
369 3173 504 3259 quidem
518 3173 662 3259 proleoto
677 3172 802 3239 Romae
822 3194 876 3238 ss:
900 3194 964 3258 que
979 3178 1022 3251 te,
1037 3172 1065 3237 ai
1080 3172 1127 3237 ita
1141 3176 1199 3251 est,
1216 3173 1341 3240 salvum

139 3280 261 3346 venisse
287 3279 431 3366 gaudeo:
470 3278 557 3344 unde
588 3276 719 3363 quidem
745 3299 843 3362 quam
872 3277 930 3342 diu
959 3276 1082 3356 aluisti,
1111 3277 1218 3362 magis
1244 3298 1264 3341 a
1289 3299 1342 3344 me

169 3460 194 3509 2.
212 3458 301 3507 honore
346 3455 401 3506 'l'be
422 3458 565 3518 supplicatio
582 3455 665 3506 whieh
683 3456 715 3506 he
766 3458 789 3515 9,
810 3458 835 3515 2,
855 3454 903 3517 Ep.
927 3453 1058 3513 cclxxxii„
1076 3453 1159 3504 where
1180 3454 1279 3519 exaetly
1298 3456 1342 3506 the

265 3528 292 3571 to
343 3521 621 3571 votedinhisbonour.
765 3535 832 3569 same
843 3518 959 3582 meaning
970 3518 991 3567 is
1005 3520 1131 3583 eonveyed
1142 3520 1176 3583 by
1187 3519 1230 3569 the
1243 3519 1342 3570 ourious

168 3592 193 3638 8.
211 3591 259 3647 τῆς
271 3586 393 3651 δάμαρτός
406 3622 412 3635 .
427 3622 433 3634 .
448 3584 642 3651 demotum]
655 3591 715 3650 ‘my
764 3584 890 3634 adverbial
904 3583 1054 3646 superlative
1065 3584 1197 3634 οὐτότατο.
1227 3585 1342 3635 Terentia

138 3653 220 3703 xiie’s
237 3652 366 3701 freedman
386 3650 556 3715 (Philotimus)
575 3651 672 3701 seemed
688 3656 715 3699 to
764 3664 842 3698 seems
854 3655 880 3697 to
890 3648 954 3697 bare
968 3648 1065 3697 srailed
1077 3648 1169 3699 herself
1180 3647 1208 3697 of
1218 3648 1260 3698 the
1275 3650 1339 3699 rela-

136 3732 175 3768 τοο
194 3716 240 3767 the
261 3716 334 3766 other
354 3717 412 3775 da,
436 3716 500 3765 from
527 3732 594 3765 some
619 3714 716 3764 remark
765 3713 818 3762 tion
834 3713 861 3761 iu
877 3712 960 3762 which
975 3713 1019 3762 she
1036 3713 1106 3761 stood
1117 3720 1143 3762 to
1154 3713 1303 3763 Philotimus
1314 3722 1341 3765 to

137 3782 220 3833 vbieh
245 3780 279 3830 he
312 3796 370 3830 essu
396 3780 423 3846 ly
450 3781 565 3843 dropped,
599 3788 626 3830 to
651 3779 715 3828 bave
764 3777 919 3841 appropriate
930 3792 997 3826 aomo
1005 3776 1081 3825 ottho
1090 3778 1341 3842 moneyraisadhum

136 3847 228 3899 oeoked
254 3846 295 3895 his
316 3852 433 3895 aeeounts
454 3845 482 3894 iu
503 3851 546 3895 tho
572 3850 662 3893 matter
687 3843 714 3893 oi
764 3841 1107 3891 thosuleofblilo'sslleets.

136 3912 178 3963 the
193 3912 246 3961 sale
261 3909 289 3960 of
310 3910 355 3960 the
370 3910 445 3973 goods
461 3910 489 3958 oi
509 3909 553 3958 the
573 3907 714 3958 Crotoniats
796 3910 872 3956 solent
887 3905 978 3971 οὺνῑοε]
1015 3906 1067 3970 ‘lly
1083 3912 1109 3955 to
1126 3912 1190 3956 meet
1204 3907 1278 3957 me’:
1300 3924 1340 3972 ep.

135 3974 300 4042 tyrannicida.
335 3975 406 4025 Iam
427 3973 507 4023 afraid
529 3989 580 4038 you
596 3990 654 4038 may
670 3978 715 4022 not
765 3980 815 4020 tum
832 3987 885 4019 erro
901 3974 977 4018 omnis
992 3977 1058 4019 aetas
1079 3987 1172 4020 currere
1193 3973 1265 4032 oboli,
1284 3972 1339 4022 Lir.

135 4040 199 4092 bare
214 4040 334 4091 observad
350 4040 419 4089 what
434 4039 479 4088 has
495 4039 557 4089 been
576 4038 652 4102 going
667 4037 712 4095 in;
764 4035 843 4085 xxvii.
854 4038 894 4094 51,
907 4040 932 4093 l;
947 4035 1065 4084 thenmn.
1079 4037 1339 4101 asseeondurypredi·

135 4106 192 4157 take
201 4108 247 4156 the
257 4110 348 4155 matter
362 4104 415 4154 into
426 4121 486 4165 your
497 4120 549 4152 own
567 4104 643 4151 barula
657 4104 714 4164 only
764 4100 845 4150 eateis
854 4115 920 4156 rare:
931 4115 969 4149 we
977 4100 1040 4149 have
1049 4116 1128 4149 aecus
1137 4100 1222 4150 inAtt.
1231 4105 1303 4162 v.20,
1316 4107 1338 4163 1,

135 4172 184 4221 and
198 4186 284 4221 secure
300 4169 468 4219 theresidue.'
504 4168 558 4217 The
573 4166 714 4216 Crotoniate
765 4165 812 4228 Ep.
830 4163 958 4225 mxxviii,
974 4181 1031 4213 nram
1048 4168 1118 4224 potui
1136 4167 1247 4215 Ciliciam
1263 4168 1339 4215 Aero-

135 4235 291 4302 tyrxunieide
310 4234 333 4283 is
355 4234 426 4294 Milo,
447 4232 504 4282 who
526 4233 586 4282 slew
603 4230 711 4292 Clodius,
765 4233 823 4279 lions
840 4231 954 4288 reddam
971 4228 1022 4279 abl.
1039 4228 1066 4277 in
1081 4231 1135 4278 att.
1154 4229 1174 4279 i.
1193 4234 1231 4290 14,
1249 4234 1273 4291 6,
1290 4231 1339 4296 Ep.

134 4302 184 4351 and
193 4300 254 4351 bora
264 4298 308 4349 the
319 4314 385 4348 same
400 4315 472 4349 namo
483 4313 510 4347 as
520 4298 563 4347 the
577 4296 713 4345 celebrated
765 4311 818 4354 xx.,
837 4297 947 4343 utimar.
969 4331 975 4343 .
996 4331 1002 4342 .
1018 4296 1118 4342 Cornuto
1136 4331 1142 4343 .
1164 4332 1170 4343 .
1191 4332 1197 4345 .
1212 4298 1340 4356 punam.

133 4366 229 4417 athlete
245 4364 273 4415 oi
290 4363 405 4413 Crotona.
440 4364 490 4413 For
513 4361 548 4414 sir
571 4363 648 4420 δήπου
668 4360 714 4410 bas
765 4366 832 4417 ιονο,
843 4358 945 4408 thadat.
956 4358 1098 4409 iseommou
1109 4359 1342 4423 attentatum„

134 4430 196 4481 bean
206 4429 340 4495 suggested
355 4429 472 4487 οἰδίτονς
491 4428 537 4479 but
553 4444 593 4477 seo
609 4430 663 4475 att.
677 4425 712 4475 vi.
763 4430 806 4485 ert,
820 4424 865 4472 dre.
