2976 5356
455 365 684 437 CCXXXVI.
709 366 832 450 (ΕΔΜ.
855 366 965 432 XIII.
991 365 1056 453 65).
1289 366 1352 432 129

134 540 229 606 einio
250 561 416 606 summum
438 562 505 607 ease
526 540 730 628 praesidium.
776 538 968 607 Strabonem
988 537 1161 606 Servilium
1181 537 1243 606 tibi
1260 561 1354 626 saepe

137 643 389 709 oommendavi:
412 666 500 710 nuno
514 666 552 710 eo
566 644 650 709 faoio
669 644 705 709 id
724 643 911 730 impensius,
933 644 1020 729 quod
1034 643 1103 709 eius
1123 665 1251 709 oausam
1266 642 1355 711 Nero

138 748 297 833 suscepit.
342 745 486 813 Tantum
501 770 521 812 a
535 752 568 813 te
582 746 732 834 petimus,
754 752 793 813 ut
814 754 848 811 ta
863 770 942 834 agas
956 769 1028 813 eam
1041 770 1120 825 rem,
1136 769 1178 813 ne
1192 746 1356 833 relinquas

140 850 312 917 hominem
325 850 530 916 innoeentem
545 851 586 916 ad
601 850 737 916 alieuius
756 850 806 916 tui
821 850 985 917 dissimilis
1000 855 1179 937 quaestum.
1224 849 1356 919 Iduum

142 958 279 1041 gratum
301 952 384 1018 mihi
408 953 480 1034 orit,
502 957 574 1018 tum
597 954 696 1020 etiam
717 953 908 1022 existimabo
932 960 964 1021 te
985 954 1190 1021 humanitate
1209 959 1268 1020 tua
1290 977 1357 1021 esse

141 1079 253 1123 nsum.
299 1058 331 1121 2.
355 1055 489 1123 Summa
512 1056 608 1122 huius
633 1058 789 1144 epistolae
818 1057 898 1124 haee
927 1062 985 1140 est,
1017 1063 1055 1124 ut
1084 1080 1178 1124 ornes
1208 1057 1358 1124 omnibus

142 1159 243 1229 rebus
256 1159 432 1240 Neronem,
452 1161 546 1226 siouti
560 1161 731 1227 instituisti
745 1165 841 1247 atque
856 1161 971 1227 feoiati.
1015 1159 1178 1248 Magnum
1192 1160 1357 1229 theatrum

142 1263 246 1331 habet
259 1264 322 1330 ista
343 1264 517 1352 provineia,
541 1285 607 1330 non
627 1268 666 1330 ut
690 1263 769 1330 haeo
791 1269 912 1344 nostra,
936 1268 978 1330 ad
997 1265 1208 1331 adolescentis
1229 1265 1357 1346 nobilis,

142 1367 318 1454 ingeniosi,
332 1367 523 1434 abstinentis
537 1368 847 1434 sommendationem
870 1372 967 1454 atque
982 1368 1132 1454 gloriam.
1179 1367 1313 1450 Quare,
1329 1369 1358 1436 si
1459 1374 1462 1378 ’

142 1476 179 1537 te
190 1470 319 1537 fautore
333 1493 409 1536 usus
424 1472 495 1552 erit,
510 1471 605 1537 siouti
619 1471 762 1556 profeeto
772 1476 805 1536 et
813 1475 924 1536 utetur
938 1475 972 1536 et
983 1493 1060 1536 usus
1075 1475 1134 1552 est,
1145 1471 1360 1558 amplissimas

142 1575 313 1642 clientelas
326 1579 469 1662 aoeeptaa
488 1598 509 1639 a
525 1575 700 1642 maioribus
717 1575 905 1641 oonfirmare
925 1575 1044 1662 poterit
1064 1579 1097 1641 et
1115 1575 1278 1642 benefieiis
1292 1576 1359 1643 suia

142 1677 302 1765 obligare.
346 1677 422 1744 Hoo
435 1677 470 1743 in
486 1701 603 1765 genere
617 1678 645 1744 si
659 1700 734 1745 eum
748 1678 910 1745 adiuveris
925 1701 963 1745 eo
978 1680 1161 1766 studioque
1176 1680 1357 1761 ostendisti,

141 1782 236 1869 apud
257 1781 366 1869 ipsum
383 1781 631 1868 praeolarissime
654 1781 807 1869 posueris,
836 1783 893 1849 sed
914 1781 996 1848 mihi
1020 1783 1119 1849 etiam
1138 1783 1358 1871 gratissimum

144 1884 275 1952 feeeris.

140 2238 373 2309 CCXXXVI.
419 2237 588 2306 CICERO
608 2237 667 2305 ΤΟ
690 2238 730 2304 Ρ.
753 2237 909 2306 SILIUS
933 2239 1110 2323 NERVA,
1126 2241 1356 2309 Pnoraanron

369 2363 410 2408 or
424 2341 603 2408 Brrnrrers
619 2363 689 2407 eran
703 2341 841 2408 Porrus
859 2342 963 2428 (Fere.
980 2365 1058 2409 xm.
1075 2346 1130 2431 es).

365 2544 497 2605 cruram,
513 2545 544 2588 a.
562 2545 596 2590 o.
613 2544 640 2589 o.
657 2542 725 2605 70³3
749 2544 780 2589 a.
798 2545 824 2590 c.
842 2544 893 2606 ⁶13
917 2547 992 2593 aar.
1009 2548 1068 2592 crc.
1086 2548 1129 2596 oo.

192 2719 233 2771 1.
247 2718 335 2770 Cioero
345 2734 361 2769 a
371 2718 402 2770 P.
414 2718 476 2770 Silio
488 2734 534 2784 pro
546 2736 584 2784 pr.
601 2718 737 2785 Bithyniae
754 2718 826 2783 petit,
846 2726 876 2770 ut
891 2719 921 2771 P.
936 2718 1052 2772 Terentio
1064 2720 1172 2786 Hisponi
1182 2724 1319 2775 eommodet
1329 2724 1356 2775 in

141 2800 306 2869 pastionibus
316 2816 373 2852 cum
383 2799 527 2852 civitatibus
538 2801 568 2851 de
579 2801 702 2865 scriptura
712 2799 878 2853 oonfloiendis.

424 2949 464 3005 M.
483 2947 615 3004 CICERO
634 2948 662 3004 Β.
681 2948 716 3005 D.
735 2949 766 3005 P.
786 2949 882 3005 SILIO
900 2949 974 3005 PRO
993 2951 1051 3006 PR.

211 3108 244 3174 l.
268 3104 354 3174 Cum
377 3104 417 3171 P.
448 3103 601 3172 Terentio
630 3104 791 3192 Hispone,
821 3106 877 3192 qui
906 3130 1019 3194 operas
1047 3108 1083 3174 in
1111 3109 1270 3197 scriptura
1298 3134 1357 3198 pro

141 3213 305 3299 magistro
318 3210 386 3291 dat,
399 3207 483 3276 mihi
504 3231 631 3275 summa
653 3209 859 3276 familiaritas
884 3212 1144 3299 consuetudoque
1166 3217 1224 3295 eat,
1239 3215 1357 3282 multa·

176 3400 202 3448 2.
220 3403 252 3447 aa
270 3432 277 3447 .
292 3431 322 3446 ..
340 3395 469 3470 Nervam]
503 3393 618 3444 ‘further
632 3392 729 3444 thead-
774 3393 1357 3471 ThisomisaioniaveryrarelyfoundinCioero

143 3467 296 3513 moment
316 3460 345 3512 of
368 3459 437 3511 Naro
458 3475 486 3509 m
507 3475 583 3525 every
606 3474 664 3524 way
681 3474 731 3524 you
773 3457 894 3509 ifatall
913 3460 1026 3524 (Onager,
1044 3459 1072 3509 ri.
1111 3498 1118 3511 .
1141 3464 1208 3528 1⁰9).
1240 3464 1312 3514 Even
1329 3467 1356 3515 in

144 3528 214 3579 ean!
773 3523 1066 3574 otherwritersudetis
1106 3528 1354 3579 eeommonoolloca-

176 3587 317 3656 thahu]
352 3588 464 3654 ‘staga’:
483 3603 522 3652 op.
548 3587 621 3638 Tusa.
639 3586 666 3637 i‘n
688 3591 728 3650 64,
773 3589 842 3649 tion;
872 3590 921 3638 and
942 3588 1027 3639 Baiter
1047 3592 1118 3640 reads
1136 3597 1160 3639 et
1181 3592 1246 3642 after
1268 3593 1353 3644 Orelli.

143 3658 241 3707 mum
259 3655 379 3704 aleam
395 3656 485 3704 virtuti
501 3655 642 3703 marrantia
652 3655 731 3702 maius
773 3651 925 3719 Wesenberg
951 3656 1006 3703 Em.
1018 3656 1075 3704 An.
1093 3671 1118 3719 p.
1130 3655 1174 3720 46)
1185 3672 1300 3721 supposes
1313 3659 1356 3709 the

141 3728 188 3773 d.
354 3785 360 3796 ι
483 3784 488 3795 .
773 3717 914 3795 anpmmion
939 3717 1246 3833 fflffl2⁸dl'¹mwluffl
1254 3724 1358 3787 ι’ρείωᾰ)

175 3784 389 3835 amman.
403 3819 410 3832 .
425 3782 558 3848 ΛΜΨ]
572 3781 730 3832 ‘toadvanoe
772 3783 926 3844 enatantem,
1043 3789 1101 3848 gto
1118 3784 1255 3835 Famnn.
1270 3790 1309 3849 al,
1323 3792 1353 3849 2;

142 3858 171 3902 tu
179 3847 325 3914 mnarum
333 3849 383 3899 and
397 3862 500 3897 ranovm
515 3863 530 3897 a
558 3862 625 3911 oung
636 3863 694 3895 man
704 3847 733 3897 of
773 3849 814 3909 26,
828 3849 853 3909 2,
865 3847 962 3913 though
973 3851 1013 3898 ud
1022 3848 1093 3899 thara
1102 3848 1175 3901 isthe
1183 3854 1223 3900 ud
1230 3851 1354 3903 oftransi·

142 3914 208 3982 high
217 3914 292 3976 rank,
301 3912 420 3975 intellaot,
432 3913 482 3961 and
493 3864 605 3962 eanluet.
623 3910 727 3961 Where-
772 3910 838 3961 tion.

142 3979 199 4032 foea
215 3978 242 4029 if
260 3978 295 4029 ha
310 3977 375 4029 shall
390 3977 494 4028 snooeed
510 3976 538 4025 in
556 3975 653 4040 getting
666 3992 730 4041 your

141 4050 259 4121 πυρραὶ,
271 4042 338 4094 uof
348 4040 729 4093 ooursehehashadthebenefit
806 4044 830 4090 1.
849 4041 879 4091 P.
890 4042 1123 4108 Terentioffupene]
1139 4044 1356 4097 wasaoonnexion

142 4106 498 4161 dmboehnowandinthe
513 4112 577 4170 pest,
590 4105 729 4155 hewillbe
771 4105 1254 4171 ofCioerothroughhiswifeTerentia
1276 4111 1357 4162 Three

142 4174 201 4226 able
217 4180 248 4224 to
267 4172 421 4248 strarrgthen,
441 4171 491 4220 and
508 4171 543 4236 by
558 4170 598 4219 his
611 4169 729 4220 kindness
789 4170 1028 4221 aarslaterweflnd
1041 4170 1094 4221 him
1109 4172 1275 4236 againinthe
1289 4192 1357 4226 same

142 4238 206 4291 aina
226 4245 257 4289 to
277 4237 318 4288 his
333 4242 448 4287 rnteresta
466 4243 531 4286 most
547 4234 728 4350 (1Ἢώ
789 4235 892 4298 usiness,
902 4251 985 4297 operas
995 4238 1105 4297 inportu
1115 4244 1139 4287 st
1149 4241 1360 4301 erepturam«

142 4302 268 4355 hadiesof
280 4302 369 4353 olianta
379 4300 468 4351 vhioh
478 4300 542 4350 have
555 4300 618 4350 been
682 4300 728 4350 ded
767 4303 940 4364 promisero
951 4302 1015 4349 dedit
1028 4302 1091 4366 (stt.
1103 4301 1139 4352 xi.
1154 4306 1194 4364 10,
1208 4305 1241 4369 1).

142 4367 322 4446 dnntohim
333 4364 587 4446 hyhisanoestora’·
661 4427 668 4440 ·
806 4367 867 4429 qui.
923 4363 1021 4481 (1αέσὲ
1031 4364 1088 4416 who
1100 4365 1123 4417 is
1137 4366 1217 4444 inthe
1227 4368 1320 4444 semies
1331 4369 1360 4421 of

173 4431 393 4498 umbem]
425 4432 563 4482 mnium
578 4445 602 4481 rs
618 4429 730 4482 omitted.
773 4428 939 4495 thaGranng
1010 4434 1358 4497 panynprovmmlm.

207 4530 271 4569 ror..
282 4528 328 4567 m.
1204 4514 1229 4565 Κ
