2976 5356
496 363 589 432 0οΧ
595 366 674 433 VII.
699 364 819 449 (Falli.
844 365 923 433 XV.
949 366 991 451 7).
1304 361 1348 427 77

137 561 181 606 ne
196 538 278 625 quid
293 540 424 605 accedat
437 540 591 624 temporis
606 540 647 604 ad
663 540 706 616 id,
716 539 802 624 quod
818 542 856 604 tu
869 538 951 604 mihi
966 543 998 605 et
1013 534 1300 605 senatusconsulto
1315 538 1348 600 et

137 643 212 730 lege
228 642 342 722 finisti,
358 644 467 709 omnia
488 667 541 709 me
558 667 616 731 per
637 648 670 709 te
688 647 892 709 consecutum
913 642 1044 728 putabo.
1090 639 1176 706 Oura
1189 644 1228 704 ut
1241 638 1352 703 valeas

139 752 173 814 et
186 769 242 813 me
257 746 424 813 absentem
439 747 558 834 diligas
578 752 675 833 atque
695 747 861 813 defendas.
907 748 938 811 3.
963 746 1054 818 Quae
1068 745 1149 810 mihi
1164 745 1204 809 de
1218 741 1350 808 Parthis

138 850 396 930 nuntiatarum,
412 851 489 935 quia
509 873 576 916 non
597 849 753 936 putabam
773 872 793 915 a
815 872 867 915 mc
882 851 980 915 etiam
994 872 1081 914 nuno
1102 845 1269 914 scribenda
1283 867 1351 911 esee

139 953 282 1040 publice,
296 958 465 1040 propterea
484 977 526 1021 ne
546 977 604 1040 pro
626 954 848 1019 familiaritate
871 954 1002 1038 quidem
1022 956 1132 1017 nostra
1146 950 1234 1015 volui
1254 950 1297 1014 ad
1316 952 1350 1013 te

139 1057 290 1138 scribere,
309 1080 362 1137 ne,
382 1080 455 1124 cum
476 1058 520 1124 ad
541 1058 703 1124 consulem
726 1057 930 1144 scripsissem,
954 1056 1081 1143 publice
1103 1055 1231 1121 viderer
1252 1051 1353 1137 scrip·

139 1183 229 1228 muse.

139 1496 320 1566 CCXVII.
367 1497 535 1565 OIOERO
557 1498 616 1566 ΤΟ
635 1497 811 1667 qUOIUs
833 1497 1065 1579 PAULLUS,
1089 1496 1352 1579 Consannnacr

625 1603 635 1688 (
667 1624 728 1668 Am.
756 1623 813 1667 xv.
837 1604 876 1689 7).

381 1804 483 1863 surr„
499 1804 530 1847 Α.
548 1804 582 1848 a.
600 1804 626 1847 c.
644 1802 711 1863 7033
737 1804 767 1846 a.
785 1804 811 1847 c.
831 1802 882 1862 ⁵13
906 1805 982 1850 aar.
999 1804 1057 1848 c1c.
1077 1802 1119 1850 os.

192 1958 231 2008 tt.
245 1958 332 2011 Cicero
342 1961 481 2026 gratulatur
492 1961 522 2011 L.
535 1961 623 2013 Paullo
633 1963 664 2013 de
674 1962 802 2013 cumulata
813 1968 838 2013 et
849 1978 881 2013 ne
891 1962 939 2013 sibi
949 1962 1075 2027 provincia
1085 1967 1230 2027 prorogetur
1240 1967 1318 2025 rogat.

382 2177 422 2231 M.
441 2176 572 2232 CICERO
590 2178 617 2231 S.
638 2178 673 2232 D.
693 2178 725 2233 L.
745 2178 889 2233 PAULLO
908 2177 980 2234 COS.
1000 2178 1119 2232 DESIG.

145 2373 153 2393 .
214 2324 244 2391 l.
269 2322 344 2388 Etsi
359 2321 440 2387 mihi
461 2343 630 2407 nunquam
650 2322 715 2387 fuit
729 2321 865 2389 dubium
880 2324 960 2409 quin
979 2327 1012 2388 te
1032 2323 1171 2409 populus
1187 2321 1357 2387 Romanus

146 2450 205 2516 pro
219 2427 288 2495 tuis
303 2425 437 2493 summis
452 2425 487 2490 in
498 2448 566 2491 rem
578 2425 741 2512 publicam
749 2426 874 2492 meritis
885 2430 917 2491 et
927 2449 985 2512 pro
1001 2425 1198 2511 amplissima
1212 2424 1359 2490 familiae

148 2532 322 2621 dignitate,
338 2551 463 2595 summo
479 2529 597 2608 studio,
612 2530 734 2594 cunctis
748 2529 913 2617 suffragiis
927 2529 1090 2594 consulem
1104 2529 1249 2594 facturus
1264 2532 1357 2608 esset,

149 2642 259 2703 tamen
275 2632 459 2699 incredibili
471 2633 597 2699 laetitia
611 2655 683 2698 sum
698 2633 851 2712 adfectus,
863 2655 936 2697 cum
951 2632 986 2697 id
1001 2631 1081 2697 mihi
1096 2632 1283 2697 nuntiatum
1298 2635 1356 2711 est,

151 2761 288 2824 eumque
303 2736 457 2803 honorem
471 2736 534 2802 tibi
548 2738 624 2802 deos
640 2736 806 2801 fortunare
820 2736 893 2802 volo
909 2759 928 2801 a
947 2740 1043 2820 teque
1058 2758 1097 2800 ex
1112 2739 1170 2800 tua
1184 2735 1358 2801 maiorum·

152 2867 212 2929 qne
238 2846 371 2906 tuorum
396 2840 558 2927 dignitate
587 2839 816 2905 administrari.
870 2841 901 2904 2.
924 2839 1035 2924 Atque
1058 2839 1185 2904 utinam
1209 2861 1360 2924 praesens

150 2947 245 3013 illum
266 2944 355 3012 diem
376 2943 459 3009 mihi
481 2943 719 3029 optatissimum
742 2942 851 3008 videre
872 2943 1046 3028 potuissem
1061 2965 1183 3028 proque
1202 2942 1267 3007 tuis
1288 2964 1358 3007 am·

151 3049 306 3137 plissimis
326 3070 406 3134 erga
427 3069 479 3111 me
501 3047 617 3111 studiis
639 3051 737 3131 atque
758 3046 921 3112 beneficiis
940 3046 1002 3111 tibi
1019 3068 1149 3131 operam
1170 3068 1277 3111 meam
1291 3050 1359 3112 stu·

151 3153 307 3238 diumque
318 3150 455 3216 navare!
488 3149 595 3221 Quam
605 3150 688 3214 mihi
699 3149 888 3215 facultatem
900 3150 1055 3235 quoniam
1065 3149 1119 3215 hic
1132 3172 1192 3215 neo
1208 3150 1362 3235 opinatus

151 3261 183 3323 at
196 3255 392 3341 improvisus
412 3253 595 3340 provinciae
615 3275 706 3319 casus
725 3254 853 3339 eripuit,
869 3257 989 3332 tamen,
1004 3257 1042 3318 ut
1062 3258 1094 3319 te
1114 3253 1277 3318 consulem
1291 3275 1360 3318 rem

152 3358 315 3446 publicam
329 3379 388 3443 pro
402 3363 460 3422 tua
474 3357 635 3443 dignitate
651 3360 816 3444 gerentem
831 3356 941 3422 videre
955 3357 1084 3442 possim,
1096 3377 1216 3442 magno
1231 3379 1326 3441 opere
1341 3378 1362 3420 a

151 3467 184 3529 te
196 3467 276 3549 peto
290 3465 329 3526 ut
342 3482 472 3546 operam
487 3461 553 3538 des,
569 3460 687 3524 efficias
706 3483 748 3526 ne
768 3460 847 3545 quid
861 3458 943 3524 mihi
958 3459 1016 3524 fiat
1034 3459 1172 3524 inimice
1185 3481 1267 3525 neve
1281 3458 1360 3544 quid

151 3562 307 3651 emptus
331 3566 374 3630 ed
398 3586 508 3630 mcum
537 3585 683 3629 annuum
712 3586 832 3628 munus
856 3564 995 3628 accedat.
1055 3561 1152 3633 Quod
1181 3563 1208 3627 si
1238 3562 1361 3637 feceris,

151 3689 292 3757 magnus
307 3669 349 3733 ad
363 3673 422 3733 tua
436 3667 572 3753 pristina
587 3689 665 3754 erga
679 3690 731 3732 me
746 3667 854 3732 studia
869 3665 1017 3732 cumulus
1031 3666 1168 3730 accedet.

183 3841 244 3906 laps]
277 3840 456 3892 aeeAddenda.
782 3839 883 3888 written
898 3844 925 3888 at
937 3838 980 3888 the
997 3853 1064 3887 same
1082 3836 1170 3901 sitting
1187 3853 1213 3886 as
1230 3836 1274 3886 the
1291 3836 1364 3887 three

183 3910 209 3957 3.
227 3906 302 3973 nunc]
334 3922 361 3955 aa
372 3905 416 3954 tho
425 3920 494 3954 news
505 3921 556 3953 was
566 3908 611 3953 not
619 3920 681 3954 even
689 3910 733 3970 yet
799 3904 921 3967 roceding,
935 3903 987 3952 and
1003 3903 1087 3953 Cicero
1102 3918 1153 3950 was
1167 3908 1211 3951 not
1225 3901 1320 3951 saluted
1335 3918 1362 3951 as

152 3970 301 4036 wffidantly
314 3971 416 4021 certain
452 3969 642 4034 subsequently,
660 3969 733 4019 when
782 3920 921 4031 lmperatar
934 3968 974 4016 till
989 3967 1025 4017 iii.
1043 3967 1083 4015 ld.
1102 3967 1158 4015 Oct.
1200 3966 1245 4016 See
1261 3973 1320 4016 note
1335 3971 1362 4016 ta

152 4036 285 4087 confirmed
295 4034 470 4100 bytheletters
481 4034 508 4084 ol
519 4034 730 4093 Tarcondimotus,
785 4033 855 4082 Fam.
868 4049 910 4082 xv.
925 4035 948 4093 3,
961 4032 1025 4092 init,
1039 4031 1086 4095 Ep.
1100 4030 1172 4080 ccxii.

152 4100 196 4152 tbe
218 4100 288 4164 King
308 4099 345 4150 of
366 4099 538 4163 Commagene,
563 4098 612 4147 and
631 4098 732 4147 Iambli·
817 4101 842 4146 2.
865 4099 966 4158 Operam
990 4133 996 4146 .
1022 4133 1028 4145 .
1055 4133 1061 4144 .
1084 4095 1184 4160 novare]
1218 4094 1291 4146 ‘land
1312 4111 1363 4160 you

154 4165 224 4227 chae,
234 4164 321 4216 cicero
331 4170 408 4214 wrote
418 4164 462 4214 the
472 4163 560 4214 official
569 4163 650 4223 letter,
662 4163 732 4212 Fam.
784 4178 827 4227 my
837 4160 879 4210 aid
889 4162 938 4210 and
949 4159 1172 4224 encouragement)

154 4246 197 4279 xv.
211 4234 235 4292 1,
249 4232 274 4293 2,
287 4230 334 4293 Ep.
347 4227 428 4279 ccxxi.
816 4242 917 4289 muqnm
936 4263 942 4274 .
963 4263 969 4274 .
989 4262 995 4274 .
1014 4225 1114 4290 accedet]
1150 4224 1217 4274 ‘this
1228 4224 1280 4274 will
1295 4240 1361 4275 oom-

785 4290 877 4356 plctely
888 4305 971 4340 crown
981 4289 1015 4339 all
1026 4305 1089 4354 your
1097 4290 1212 4354 previous
1222 4289 1366 4340 kindneesea

189 4358 244 4410 'l’ba
265 4373 314 4409 nos
343 4357 501 4422 erroneously
522 4356 586 4407 have
608 4355 733 4407 CICERO
785 4372 818 4405 on
833 4372 877 4420 my
888 4354 992 4405 behalf!

159 4421 232 4474 llll'.
276 4422 328 4475 But
353 4422 405 4475 thir
428 4422 502 4474 letter
530 4437 582 4472 was
605 4421 734 4486 obviously
