<?xml version="1.0" encoding="UTF-8"?>
<!DOCTYPE html PUBLIC "-//W3C//DTD XHTML 1.0 Transitional//EN"
    "http://www.w3.org/TR/xhtml1/DTD/xhtml1-transitional.dtd">
<html xmlns="http://www.w3.org/1999/xhtml" xml:lang="en" lang="en">
 <head>
  <title>
</title>
<meta http-equiv="Content-Type" content="text/html;charset=utf-8" />
  <meta name='ocr-system' content='tesseract 3.04.00' />
  <meta name='ocr-capabilities' content='ocr_page ocr_carea ocr_par ocr_line ocrx_word'/>
</head>
<body>
  <div class='ocr_page' id='page_1' title='image "./correspondencem02cicegoog_0333.png"; bbox 0 0 2976 5356; ppageno 0'>
   <div class='ocr_carea' id='block_1_1' title="bbox 495 830 967 916">
    <p class='ocr_par' dir='ltr' id='par_1_1' title="bbox 495 830 967 916">
     <span class='ocr_line' id='line_1_1' title="bbox 495 830 967 916; baseline -0.011 -17"><span class='ocrx_word' id='word_1_1' title='bbox 495 832 660 899; x_wconf 81' lang='lat' dir='ltr'><strong>eearr.</strong></span> <span class='ocrx_word' id='word_1_2' title='bbox 688 830 804 916; x_wconf 70' lang='lat' dir='ltr'><strong>(arr.</strong></span> <span class='ocrx_word' id='word_1_3' title='bbox 835 830 895 898; x_wconf 78' lang='lat' dir='ltr'><strong>Vl.</strong></span> <span class='ocrx_word' id='word_1_4' title='bbox 921 831 967 915; x_wconf 78' lang='lat' dir='ltr'><strong>r).</strong></span> 
     </span>
    </p>
   </div>
   <div class='ocr_carea' id='block_1_2' title="bbox 266 1183 1217 1272">
    <p class='ocr_par' dir='ltr' id='par_1_2' title="bbox 266 1183 1217 1272">
     <span class='ocr_line' id='line_1_2' title="bbox 266 1183 1217 1272; baseline -0.007 -14"><span class='ocrx_word' id='word_1_5' title='bbox 266 1189 433 1258; x_wconf 86' lang='lat' dir='ltr'>CCLXX.</span> <span class='ocrx_word' id='word_1_6' title='bbox 484 1184 654 1256; x_wconf 78' lang='lat' dir='ltr'>CICERO</span> <span class='ocrx_word' id='word_1_7' title='bbox 676 1183 735 1253; x_wconf 79' lang='lat' dir='ltr'><strong>TO</strong></span> <span class='ocrx_word' id='word_1_8' title='bbox 758 1183 960 1252; x_wconf 79' lang='lat' dir='ltr'>ATTICUS</span> <span class='ocrx_word' id='word_1_9' title='bbox 983 1185 1080 1270; x_wconf 84' lang='lat' dir='ltr'><strong>(Arr.</strong></span> <span class='ocrx_word' id='word_1_10' title='bbox 1104 1206 1154 1251; x_wconf 84' lang='lat' dir='ltr'><strong>vr.</strong></span> <span class='ocrx_word' id='word_1_11' title='bbox 1178 1186 1217 1272; x_wconf 79' lang='lat'><strong>7).</strong></span> 
     </span>
    </p>
   </div>
   <div class='ocr_carea' id='block_1_3' title="bbox 434 1384 1047 1446">
    <p class='ocr_par' dir='ltr' id='par_1_3' title="bbox 434 1384 1047 1446">
     <span class='ocr_line' id='line_1_3' title="bbox 434 1384 1047 1446; baseline -0.007 -12"><span class='ocrx_word' id='word_1_12' title='bbox 434 1391 465 1434; x_wconf 76' lang='lat' dir='ltr'><strong>a.</strong></span> <span class='ocrx_word' id='word_1_13' title='bbox 483 1389 516 1433; x_wconf 80' lang='lat' dir='ltr'><strong>a.</strong></span> <span class='ocrx_word' id='word_1_14' title='bbox 534 1389 561 1432; x_wconf 92' lang='lat' dir='ltr'><strong>c.</strong></span> <span class='ocrx_word' id='word_1_15' title='bbox 580 1384 646 1446; x_wconf 78' lang='lat'><strong>704;</strong></span> <span class='ocrx_word' id='word_1_16' title='bbox 671 1386 701 1431; x_wconf 82' lang='lat' dir='ltr'><strong>s.</strong></span> <span class='ocrx_word' id='word_1_17' title='bbox 718 1386 745 1430; x_wconf 90' lang='lat' dir='ltr'><strong>c.</strong></span> <span class='ocrx_word' id='word_1_18' title='bbox 762 1384 812 1445; x_wconf 76' lang='lat'><strong>503</strong></span> <span class='ocrx_word' id='word_1_19' title='bbox 835 1385 911 1430; x_wconf 77' lang='lat' dir='ltr'><strong>aar.</strong></span> <span class='ocrx_word' id='word_1_20' title='bbox 928 1385 988 1430; x_wconf 85' lang='lat' dir='ltr'><strong>ere.</strong></span> <span class='ocrx_word' id='word_1_21' title='bbox 1005 1384 1047 1432; x_wconf 82' lang='lat' dir='ltr'><strong>se.</strong></span> 
     </span>
    </p>
   </div>
   <div class='ocr_carea' id='block_1_4' title="bbox 136 1549 1346 1861">
    <p class='ocr_par' dir='ltr' id='par_1_4' title="bbox 136 1549 1346 1861">
     <span class='ocr_line' id='line_1_4' title="bbox 188 1549 1345 1616; baseline -0.003 -12"><span class='ocrx_word' id='word_1_22' title='bbox 188 1553 227 1604; x_wconf 87' lang='lat' dir='ltr'><strong>De</strong></span> <span class='ocrx_word' id='word_1_23' title='bbox 239 1553 269 1611; x_wconf 83' lang='lat' dir='ltr'><strong>Q.</strong></span> <span class='ocrx_word' id='word_1_24' title='bbox 280 1553 359 1604; x_wconf 71' lang='lat' dir='ltr'><strong>frama</strong></span> <span class='ocrx_word' id='word_1_25' title='bbox 369 1552 441 1602; x_wconf 82' lang='lat' dir='ltr'><strong>uxori</strong></span> <span class='ocrx_word' id='word_1_26' title='bbox 451 1567 495 1615; x_wconf 89' lang='lat' dir='ltr'><strong>per</strong></span> <span class='ocrx_word' id='word_1_27' title='bbox 506 1550 537 1608; x_wconf 82' lang='lat' dir='ltr'><strong>O.</strong></span> <span class='ocrx_word' id='word_1_28' title='bbox 550 1550 630 1601; x_wconf 83' lang='lat' dir='ltr'><strong>filium</strong></span> <span class='ocrx_word' id='word_1_29' title='bbox 641 1549 806 1612; x_wconf 86' lang='lat' dir='ltr'><strong>reconciliate,</strong></span> <span class='ocrx_word' id='word_1_30' title='bbox 820 1550 850 1601; x_wconf 91' lang='lat' dir='ltr'><strong>de</strong></span> <span class='ocrx_word' id='word_1_31' title='bbox 861 1566 888 1600; x_wconf 90' lang='lat' dir='ltr'><strong>re</strong></span> <span class='ocrx_word' id='word_1_32' title='bbox 898 1566 944 1600; x_wconf 88' lang='lat' dir='ltr'><strong>sua</strong></span> <span class='ocrx_word' id='word_1_33' title='bbox 954 1549 1081 1612; x_wconf 83' lang='lat' dir='ltr'><strong>familiari,</strong></span> <span class='ocrx_word' id='word_1_34' title='bbox 1090 1551 1122 1600; x_wconf 90' lang='lat' dir='ltr'><strong>de</strong></span> <span class='ocrx_word' id='word_1_35' title='bbox 1130 1566 1182 1616; x_wconf 86' lang='lat' dir='ltr'><strong>qua</strong></span> <span class='ocrx_word' id='word_1_36' title='bbox 1192 1553 1221 1601; x_wconf 73' lang='lat' dir='ltr'><strong>ln</strong></span> <span class='ocrx_word' id='word_1_37' title='bbox 1228 1551 1345 1615; x_wconf 69' lang='grc' dir='ltr'><strong>αἴνημοῖι</strong></span> 
     </span>
     <span class='ocr_line' id='line_1_5' title="bbox 136 1630 1346 1699; baseline -0.003 -13"><span class='ocrx_word' id='word_1_38' title='bbox 136 1642 212 1686; x_wconf 81' lang='lat' dir='ltr'><strong>antea</strong></span> <span class='ocrx_word' id='word_1_39' title='bbox 231 1635 368 1699; x_wconf 72' lang='lat' dir='ltr'><strong>scripserat,</strong></span> <span class='ocrx_word' id='word_1_40' title='bbox 390 1635 420 1684; x_wconf 91' lang='lat' dir='ltr'><strong>de</strong></span> <span class='ocrx_word' id='word_1_41' title='bbox 441 1632 578 1682; x_wconf 89' lang='lat' dir='ltr'><strong>rationibus</strong></span> <span class='ocrx_word' id='word_1_42' title='bbox 600 1633 665 1696; x_wconf 80' lang='lat' dir='ltr'><strong>apud</strong></span> <span class='ocrx_word' id='word_1_43' title='bbox 683 1633 744 1681; x_wconf 86' lang='lat' dir='ltr'><strong>duas</strong></span> <span class='ocrx_word' id='word_1_44' title='bbox 762 1630 875 1681; x_wconf 82' lang='lat' dir='ltr'><strong>civitates</strong></span> <span class='ocrx_word' id='word_1_45' title='bbox 896 1631 1074 1696; x_wconf 76' lang='lat' dir='ltr'>relinquendis,</span> <span class='ocrx_word' id='word_1_46' title='bbox 1097 1647 1124 1682; x_wconf 88' lang='lat' dir='ltr'><strong>se</strong></span> <span class='ocrx_word' id='word_1_47' title='bbox 1143 1631 1271 1694; x_wconf 85' lang='lat' dir='ltr'><strong>Rhodum,</strong></span> <span class='ocrx_word' id='word_1_48' title='bbox 1292 1631 1346 1682; x_wconf 83' lang='lat' dir='ltr'><strong>inda</strong></span> 
     </span>
     <span class='ocr_line' id='line_1_6' title="bbox 139 1712 1345 1780; baseline -0.002 -13"><span class='ocrx_word' id='word_1_49' title='bbox 139 1717 249 1767; x_wconf 80' lang='lat' dir='ltr'><strong>Athenas</strong></span> <span class='ocrx_word' id='word_1_50' title='bbox 260 1716 368 1780; x_wconf 82' lang='lat' dir='ltr'><strong>cogitare</strong></span> <span class='ocrx_word' id='word_1_51' title='bbox 377 1714 508 1778; x_wconf 86' lang='lat' dir='ltr'><strong>proficisci,</strong></span> <span class='ocrx_word' id='word_1_52' title='bbox 520 1719 575 1763; x_wconf 89' lang='lat' dir='ltr'><strong>tum</strong></span> <span class='ocrx_word' id='word_1_53' title='bbox 586 1712 683 1778; x_wconf 87' lang='lat' dir='ltr'><strong>quaerit</strong></span> <span class='ocrx_word' id='word_1_54' title='bbox 698 1729 761 1763; x_wconf 88' lang='lat' dir='ltr'><strong>num</strong></span> <span class='ocrx_word' id='word_1_55' title='bbox 776 1712 836 1778; x_wconf 91' lang='lat' dir='ltr'><strong>quid</strong></span> <span class='ocrx_word' id='word_1_56' title='bbox 852 1712 1013 1776; x_wconf 83' lang='lat' dir='ltr'><strong>reipublicae</strong></span> <span class='ocrx_word' id='word_1_57' title='bbox 1026 1713 1127 1764; x_wconf 89' lang='lat' dir='ltr'><strong>nemina</strong></span> <span class='ocrx_word' id='word_1_58' title='bbox 1138 1713 1188 1764; x_wconf 86' lang='lat' dir='ltr'><strong>sibi</strong></span> <span class='ocrx_word' id='word_1_59' title='bbox 1198 1714 1345 1765; x_wconf 78' lang='lat' dir='ltr'><strong>tardandum</strong></span> 
     </span>
     <span class='ocr_line' id='line_1_7' title="bbox 138 1794 779 1861; baseline -0.009 -11"><span class='ocrx_word' id='word_1_60' title='bbox 138 1800 166 1849; x_wconf 89' lang='lat' dir='ltr'><strong>iu</strong></span> <span class='ocrx_word' id='word_1_61' title='bbox 177 1799 258 1850; x_wconf 87' lang='lat' dir='ltr'><strong>reditu</strong></span> <span class='ocrx_word' id='word_1_62' title='bbox 269 1798 309 1860; x_wconf 87' lang='lat' dir='ltr'><strong>sit,</strong></span> <span class='ocrx_word' id='word_1_63' title='bbox 323 1799 353 1848; x_wconf 93' lang='lat' dir='ltr'><strong>de</strong></span> <span class='ocrx_word' id='word_1_64' title='bbox 364 1797 454 1847; x_wconf 86' lang='lat' dir='ltr'><strong>Tirone</strong></span> <span class='ocrx_word' id='word_1_65' title='bbox 465 1812 545 1861; x_wconf 82' lang='lat' dir='ltr'><strong>aegre.</strong></span> <span class='ocrx_word' id='word_1_66' title='bbox 580 1795 686 1859; x_wconf 79' lang='lat' dir='ltr'><strong>Scripsit</strong></span> <span class='ocrx_word' id='word_1_67' title='bbox 697 1794 779 1845; x_wconf 81' lang='lat' dir='ltr'><strong>Tarsi.</strong></span> 
     </span>
    </p>
   </div>
   <div class='ocr_carea' id='block_1_5' title="bbox 556 1933 935 1991">
    <p class='ocr_par' dir='ltr' id='par_1_5' title="bbox 556 1933 935 1991">
     <span class='ocr_line' id='line_1_8' title="bbox 556 1933 935 1991; baseline -0.003 0"><span class='ocrx_word' id='word_1_68' title='bbox 556 1935 688 1991; x_wconf 79' lang='lat' dir='ltr'>CICERO</span> <span class='ocrx_word' id='word_1_69' title='bbox 706 1934 838 1990; x_wconf 80' lang='lat' dir='ltr'>ATTICO</span> <span class='ocrx_word' id='word_1_70' title='bbox 857 1933 935 1990; x_wconf 79' lang='lat' dir='ltr'><strong>SAL.</strong></span> 
     </span>
    </p>
   </div>
   <div class='ocr_carea' id='block_1_6' title="bbox 139 2056 1394 3590">
    <p class='ocr_par' dir='ltr' id='par_1_6' title="bbox 139 2056 1394 3590">
     <span class='ocr_line' id='line_1_9' title="bbox 207 2056 1351 2145; baseline -0.002 -21"><span class='ocrx_word' id='word_1_71' title='bbox 207 2061 235 2124; x_wconf 96' lang='lat'><strong>1.</strong></span> <span class='ocrx_word' id='word_1_72' title='bbox 260 2057 404 2130; x_wconf 80' lang='lat' dir='ltr'><strong>Quintus</strong></span> <span class='ocrx_word' id='word_1_73' title='bbox 418 2057 503 2124; x_wconf 83' lang='lat' dir='ltr'><strong>filius</strong></span> <span class='ocrx_word' id='word_1_74' title='bbox 518 2058 572 2145; x_wconf 90' lang='lat' dir='ltr'><strong>pis</strong></span> <span class='ocrx_word' id='word_1_75' title='bbox 593 2080 679 2138; x_wconf 89' lang='lat' dir='ltr'><strong>sane,</strong></span> <span class='ocrx_word' id='word_1_76' title='bbox 699 2079 753 2122; x_wconf 91' lang='lat' dir='ltr'><strong>me</strong></span> <span class='ocrx_word' id='word_1_77' title='bbox 775 2056 907 2142; x_wconf 90' lang='lat' dir='ltr'><strong>quidem</strong></span> <span class='ocrx_word' id='word_1_78' title='bbox 926 2061 1012 2123; x_wconf 87' lang='lat' dir='ltr'><strong>certe</strong></span> <span class='ocrx_word' id='word_1_79' title='bbox 1029 2056 1173 2123; x_wconf 88' lang='lat' dir='ltr'><strong>multum</strong></span> <span class='ocrx_word' id='word_1_80' title='bbox 1187 2056 1351 2138; x_wconf 79' lang='lat' dir='ltr'><strong>hortante,</strong></span> 
     </span>
     <span class='ocr_line' id='line_1_10' title="bbox 140 2159 1352 2248; baseline -0.002 -18"><span class='ocrx_word' id='word_1_81' title='bbox 140 2164 196 2230; x_wconf 92' lang='lat' dir='ltr'><strong>sed</strong></span> <span class='ocrx_word' id='word_1_82' title='bbox 211 2166 403 2241; x_wconf 78' lang='lat' dir='ltr'><strong>sumentem,</strong></span> <span class='ocrx_word' id='word_1_83' title='bbox 426 2162 573 2227; x_wconf 90' lang='lat' dir='ltr'><strong>animum</strong></span> <span class='ocrx_word' id='word_1_84' title='bbox 594 2160 697 2248; x_wconf 90' lang='lat' dir='ltr'><strong>patris</strong></span> <span class='ocrx_word' id='word_1_85' title='bbox 717 2161 768 2227; x_wconf 89' lang='lat' dir='ltr'><strong>sui</strong></span> <span class='ocrx_word' id='word_1_86' title='bbox 782 2159 882 2248; x_wconf 80' lang='lat' dir='ltr'><strong>sorori</strong></span> <span class='ocrx_word' id='word_1_87' title='bbox 898 2164 972 2226; x_wconf 89' lang='lat' dir='ltr'><strong>tuae</strong></span> <span class='ocrx_word' id='word_1_88' title='bbox 986 2159 1215 2226; x_wconf 86' lang='lat' dir='ltr'><strong>reconciliavit.</strong></span> <span class='ocrx_word' id='word_1_89' title='bbox 1263 2159 1352 2227; x_wconf 83' lang='lat' dir='ltr'><strong>Eum</strong></span> 
     </span>
     <span class='ocr_line' id='line_1_11' title="bbox 139 2263 1351 2349; baseline -0.002 -16"><span class='ocrx_word' id='word_1_90' title='bbox 139 2267 234 2333; x_wconf 90' lang='lat' dir='ltr'><strong>valde</strong></span> <span class='ocrx_word' id='word_1_91' title='bbox 249 2273 278 2330; x_wconf 84' lang='lat' dir='ltr'><strong>et</strong></span> <span class='ocrx_word' id='word_1_92' title='bbox 295 2288 347 2331; x_wconf 91' lang='lat' dir='ltr'><strong>me</strong></span> <span class='ocrx_word' id='word_1_93' title='bbox 370 2269 445 2331; x_wconf 89' lang='lat' dir='ltr'><strong>tuae</strong></span> <span class='ocrx_word' id='word_1_94' title='bbox 465 2265 592 2331; x_wconf 78' lang='lat' dir='ltr'>litterae</span> <span class='ocrx_word' id='word_1_95' title='bbox 615 2265 808 2331; x_wconf 84' lang='lat' dir='ltr'><strong>excitarunt.</strong></span> <span class='ocrx_word' id='word_1_96' title='bbox 854 2263 945 2336; x_wconf 80' lang='lat' dir='ltr'><strong>Quid</strong></span> <span class='ocrx_word' id='word_1_97' title='bbox 959 2264 1113 2349; x_wconf 78' lang='lat' dir='ltr'><strong>quaeris?</strong></span> <span class='ocrx_word' id='word_1_98' title='bbox 1137 2263 1351 2331; x_wconf 85' lang='lat' dir='ltr'><strong>confiderem</strong></span> 
     </span>
     <span class='ocr_line' id='line_1_12' title="bbox 140 2366 1353 2455; baseline -0.001 -19"><span class='ocrx_word' id='word_1_99' title='bbox 140 2375 178 2436; x_wconf 89' lang='lat' dir='ltr'><strong>ut</strong></span> <span class='ocrx_word' id='word_1_100' title='bbox 193 2370 341 2436; x_wconf 86' lang='lat' dir='ltr'><strong>volumus</strong></span> <span class='ocrx_word' id='word_1_101' title='bbox 356 2390 432 2434; x_wconf 92' lang='lat' dir='ltr'><strong>esse.</strong></span> <span class='ocrx_word' id='word_1_102' title='bbox 477 2367 537 2434; x_wconf 88' lang='lat' dir='ltr'><strong>Bis</strong></span> <span class='ocrx_word' id='word_1_103' title='bbox 559 2369 600 2434; x_wconf 91' lang='lat' dir='ltr'><strong>ad</strong></span> <span class='ocrx_word' id='word_1_104' title='bbox 622 2373 656 2434; x_wconf 90' lang='lat' dir='ltr'><strong>te</strong></span> <span class='ocrx_word' id='word_1_105' title='bbox 678 2373 774 2434; x_wconf 88' lang='lat' dir='ltr'><strong>antea</strong></span> <span class='ocrx_word' id='word_1_106' title='bbox 794 2368 907 2455; x_wconf 87' lang='lat' dir='ltr'><strong>scripsi</strong></span> <span class='ocrx_word' id='word_1_107' title='bbox 926 2368 968 2434; x_wconf 93' lang='lat' dir='ltr'><strong>de</strong></span> <span class='ocrx_word' id='word_1_108' title='bbox 986 2390 1022 2433; x_wconf 93' lang='lat' dir='ltr'><strong>re</strong></span> <span class='ocrx_word' id='word_1_109' title='bbox 1041 2389 1115 2433; x_wconf 93' lang='lat' dir='ltr'><strong>mea</strong></span> <span class='ocrx_word' id='word_1_110' title='bbox 1135 2367 1305 2448; x_wconf 71' lang='lat' dir='ltr'><strong>familiari,</strong></span> <span class='ocrx_word' id='word_1_111' title='bbox 1325 2366 1353 2435; x_wconf 74' lang='grc' dir='ltr'><strong>ι’</strong></span> 
     </span>
     <span class='ocr_line' id='line_1_13' title="bbox 140 2469 1354 2556; baseline 0.001 -18"><span class='ocrx_word' id='word_1_112' title='bbox 140 2469 246 2538; x_wconf 89' lang='lat' dir='ltr'><strong>modo</strong></span> <span class='ocrx_word' id='word_1_113' title='bbox 261 2472 324 2538; x_wconf 93' lang='lat' dir='ltr'><strong>tibi</strong></span> <span class='ocrx_word' id='word_1_114' title='bbox 352 2471 498 2537; x_wconf 76' lang='lat' dir='ltr'><strong>redditae</strong></span> <span class='ocrx_word' id='word_1_115' title='bbox 521 2473 649 2537; x_wconf 79' lang='lat' dir='ltr'><strong>litterae</strong></span> <span class='ocrx_word' id='word_1_116' title='bbox 675 2475 761 2553; x_wconf 88' lang='lat' dir='ltr'><strong>sunt,</strong></span> <span class='ocrx_word' id='word_1_117' title='bbox 789 2470 921 2551; x_wconf 83' lang='lat' dir='ltr'><strong>Graece,</strong></span> <span class='ocrx_word' id='word_1_118' title='bbox 948 2474 982 2538; x_wconf 84' lang='grc' dir='ltr'><strong>ἐν</strong></span> <span class='ocrx_word' id='word_1_119' title='bbox 1007 2474 1177 2556; x_wconf 77' lang='grc' dir='ltr'><strong><em>αἰνιγμοῖς.</em></strong></span> <span class='ocrx_word' id='word_1_120' title='bbox 1224 2469 1354 2539; x_wconf 81' lang='lat' dir='ltr'><strong>Scilicet</strong></span> 
     </span>
     <span class='ocr_line' id='line_1_14' title="bbox 140 2573 1352 2662; baseline -0.001 -21"><span class='ocrx_word' id='word_1_121' title='bbox 140 2576 224 2641; x_wconf 90' lang='lat' dir='ltr'><strong>nihil</strong></span> <span class='ocrx_word' id='word_1_122' title='bbox 239 2581 287 2641; x_wconf 87' lang='lat' dir='ltr'><strong>est</strong></span> <span class='ocrx_word' id='word_1_123' title='bbox 302 2577 508 2641; x_wconf 88' lang='lat' dir='ltr'><strong>movendum.</strong></span> <span class='ocrx_word' id='word_1_124' title='bbox 555 2573 621 2640; x_wconf 82' lang='lat' dir='ltr'><strong>Sed</strong></span> <span class='ocrx_word' id='word_1_125' title='bbox 639 2579 750 2640; x_wconf 86' lang='lat' dir='ltr'><strong>tamen</strong></span> <span class='ocrx_word' id='word_1_126' title='bbox 773 2574 901 2660; x_wconf 77' lang='grc' dir='ltr'>ἀφελῶς</span> <span class='ocrx_word' id='word_1_127' title='bbox 921 2575 1139 2662; x_wconf 85' lang='lat' dir='ltr'><strong>percontando</strong></span> <span class='ocrx_word' id='word_1_128' title='bbox 1158 2578 1194 2639; x_wconf 85' lang='lat' dir='ltr'><strong>de</strong></span> <span class='ocrx_word' id='word_1_129' title='bbox 1213 2575 1352 2640; x_wconf 91' lang='lat' dir='ltr'><strong>nomini·</strong></span> 
     </span>
     <span class='ocr_line' id='line_1_15' title="bbox 140 2677 1353 2765; baseline -0.001 -19"><span class='ocrx_word' id='word_1_130' title='bbox 140 2681 200 2746; x_wconf 89' lang='lat' dir='ltr'><strong>bus</strong></span> <span class='ocrx_word' id='word_1_131' title='bbox 214 2680 350 2745; x_wconf 78' lang='lat' dir='ltr'><strong>Milonis</strong></span> <span class='ocrx_word' id='word_1_132' title='bbox 365 2684 407 2757; x_wconf 93' lang='lat' dir='ltr'><strong>et,</strong></span> <span class='ocrx_word' id='word_1_133' title='bbox 429 2683 467 2743; x_wconf 88' lang='lat' dir='ltr'><strong>ut</strong></span> <span class='ocrx_word' id='word_1_134' title='bbox 487 2678 648 2764; x_wconf 87' lang='lat' dir='ltr'><strong>expediat,</strong></span> <span class='ocrx_word' id='word_1_135' title='bbox 669 2683 707 2743; x_wconf 88' lang='lat' dir='ltr'><strong>ut</strong></span> <span class='ocrx_word' id='word_1_136' title='bbox 726 2677 808 2744; x_wconf 90' lang='lat' dir='ltr'><strong>mihi</strong></span> <span class='ocrx_word' id='word_1_137' title='bbox 828 2681 958 2765; x_wconf 90' lang='lat' dir='ltr'><strong>recepit,</strong></span> <span class='ocrx_word' id='word_1_138' title='bbox 981 2678 1150 2759; x_wconf 85' lang='lat' dir='ltr'><strong>hortando,</strong></span> <span class='ocrx_word' id='word_1_139' title='bbox 1174 2678 1303 2765; x_wconf 85' lang='lat' dir='ltr'><strong>aliquid</strong></span> <span class='ocrx_word' id='word_1_140' title='bbox 1316 2684 1353 2745; x_wconf 90' lang='lat' dir='ltr'><strong>tu</strong></span> 
     </span>
     <span class='ocr_line' id='line_1_16' title="bbox 140 2781 1353 2869; baseline 0 -21"><span class='ocrx_word' id='word_1_141' title='bbox 140 2785 296 2869; x_wconf 78' lang='lat' dir='ltr'><strong>proficies</strong></span> <span class='ocrx_word' id='word_1_142' title='bbox 342 2784 371 2846; x_wconf 78' lang='lat'><strong>2.</strong></span> <span class='ocrx_word' id='word_1_143' title='bbox 397 2782 471 2869; x_wconf 83' lang='lat' dir='ltr'><strong>Ego</strong></span> <span class='ocrx_word' id='word_1_144' title='bbox 496 2782 677 2847; x_wconf 80' lang='lat' dir='ltr'><strong>Laodiceae</strong></span> <span class='ocrx_word' id='word_1_145' title='bbox 713 2787 920 2868; x_wconf 80' lang='lat' dir='ltr'><strong>quaestorem</strong></span> <span class='ocrx_word' id='word_1_146' title='bbox 943 2781 1137 2847; x_wconf 78' lang='lat' dir='ltr'><strong>Mescinium</strong></span> <span class='ocrx_word' id='word_1_147' title='bbox 1167 2788 1353 2868; x_wconf 82' lang='lat' dir='ltr'><strong>exspectare</strong></span> 
     </span>
     <span class='ocr_line' id='line_1_17' title="bbox 140 2885 1352 2972; baseline -0.001 -19"><span class='ocrx_word' id='word_1_148' title='bbox 140 2888 228 2967; x_wconf 90' lang='lat' dir='ltr'><strong>iussi,</strong></span> <span class='ocrx_word' id='word_1_149' title='bbox 254 2892 291 2952; x_wconf 87' lang='lat' dir='ltr'><strong>ut</strong></span> <span class='ocrx_word' id='word_1_150' title='bbox 308 2886 469 2952; x_wconf 86' lang='lat' dir='ltr'><strong>confectas</strong></span> <span class='ocrx_word' id='word_1_151' title='bbox 493 2887 634 2951; x_wconf 84' lang='lat' dir='ltr'><strong>rationes</strong></span> <span class='ocrx_word' id='word_1_152' title='bbox 654 2887 727 2972; x_wconf 87' lang='lat' dir='ltr'><strong>lege</strong></span> <span class='ocrx_word' id='word_1_153' title='bbox 750 2885 838 2950; x_wconf 89' lang='lat' dir='ltr'><strong>Iulia</strong></span> <span class='ocrx_word' id='word_1_154' title='bbox 863 2887 951 2971; x_wconf 88' lang='lat' dir='ltr'><strong>apud</strong></span> <span class='ocrx_word' id='word_1_155' title='bbox 970 2886 1050 2951; x_wconf 88' lang='lat' dir='ltr'><strong>duas</strong></span> <span class='ocrx_word' id='word_1_156' title='bbox 1072 2885 1220 2951; x_wconf 85' lang='lat' dir='ltr'><strong>civitates</strong></span> <span class='ocrx_word' id='word_1_157' title='bbox 1234 2887 1352 2972; x_wconf 86' lang='lat' dir='ltr'><strong>possim</strong></span> 
     </span>
     <span class='ocr_line' id='line_1_18' title="bbox 140 2988 1351 3075; baseline -0.001 -19"><span class='ocrx_word' id='word_1_158' title='bbox 140 2992 330 3075; x_wconf 92' lang='lat' dir='ltr'><strong>relinquere.</strong></span> <span class='ocrx_word' id='word_1_159' title='bbox 377 2988 533 3053; x_wconf 86' lang='lat' dir='ltr'><strong>Rhodum</strong></span> <span class='ocrx_word' id='word_1_160' title='bbox 556 2990 629 3054; x_wconf 88' lang='lat' dir='ltr'><strong>vele</strong></span> <span class='ocrx_word' id='word_1_161' title='bbox 656 3011 828 3074; x_wconf 89' lang='lat' dir='ltr'><strong>puerorum</strong></span> <span class='ocrx_word' id='word_1_162' title='bbox 852 3012 957 3067; x_wconf 89' lang='lat' dir='ltr'><strong>eausa,</strong></span> <span class='ocrx_word' id='word_1_163' title='bbox 985 2988 1061 3054; x_wconf 89' lang='lat' dir='ltr'><strong>iude</strong></span> <span class='ocrx_word' id='word_1_164' title='bbox 1086 3011 1185 3074; x_wconf 88' lang='lat' dir='ltr'><strong>quam</strong></span> <span class='ocrx_word' id='word_1_165' title='bbox 1210 2990 1351 3074; x_wconf 89' lang='lat' dir='ltr'><strong>primum</strong></span> 
     </span>
     <span class='ocr_line' id='line_1_19' title="bbox 140 3091 1350 3178; baseline -0.001 -19"><span class='ocrx_word' id='word_1_166' title='bbox 140 3095 298 3172; x_wconf 85' lang='lat' dir='ltr'><strong>Athenas,</strong></span> <span class='ocrx_word' id='word_1_167' title='bbox 320 3092 381 3157; x_wconf 88' lang='lat' dir='ltr'><strong>etsi</strong></span> <span class='ocrx_word' id='word_1_168' title='bbox 395 3091 524 3156; x_wconf 81' lang='lat' dir='ltr'><strong>Etesiae</strong></span> <span class='ocrx_word' id='word_1_169' title='bbox 550 3092 643 3158; x_wconf 88' lang='lat' dir='ltr'><strong>valde</strong></span> <span class='ocrx_word' id='word_1_170' title='bbox 664 3093 791 3157; x_wconf 90' lang='lat' dir='ltr'><strong>reflant.</strong></span> <span class='ocrx_word' id='word_1_171' title='bbox 836 3091 903 3158; x_wconf 79' lang='lat' dir='ltr'><strong>Sed</strong></span> <span class='ocrx_word' id='word_1_172' title='bbox 922 3093 994 3158; x_wconf 88' lang='lat' dir='ltr'><strong>velo</strong></span> <span class='ocrx_word' id='word_1_173' title='bbox 1018 3091 1069 3156; x_wconf 92' lang='lat' dir='ltr'><strong>his</strong></span> <span class='ocrx_word' id='word_1_174' title='bbox 1095 3093 1350 3178; x_wconf 87' lang='lat' dir='ltr'><strong>magistratibus,</strong></span> 
     </span>
     <span class='ocr_line' id='line_1_20' title="bbox 140 3194 1351 3283; baseline 0.001 -21"><span class='ocrx_word' id='word_1_175' title='bbox 140 3220 278 3283; x_wconf 91' lang='lat' dir='ltr'><strong>querum</strong></span> <span class='ocrx_word' id='word_1_176' title='bbox 301 3196 501 3261; x_wconf 86' lang='lat' dir='ltr'><strong>voluntatem</strong></span> <span class='ocrx_word' id='word_1_177' title='bbox 531 3196 565 3259; x_wconf 93' lang='lat' dir='ltr'><strong>iu</strong></span> <span class='ocrx_word' id='word_1_178' title='bbox 595 3196 827 3281; x_wconf 82' lang='lat' dir='ltr'><strong>supplicatione</strong></span> <span class='ocrx_word' id='word_1_179' title='bbox 856 3218 928 3261; x_wconf 92' lang='lat' dir='ltr'><strong>sum</strong></span> <span class='ocrx_word' id='word_1_180' title='bbox 958 3200 1118 3280; x_wconf 82' lang='lat' dir='ltr'><strong>expertus.</strong></span> <span class='ocrx_word' id='word_1_181' title='bbox 1164 3194 1219 3260; x_wconf 79' lang='lat' dir='ltr'><strong>Tu</strong></span> <span class='ocrx_word' id='word_1_182' title='bbox 1243 3201 1351 3263; x_wconf 84' lang='lat' dir='ltr'><strong>tamen</strong></span> 
     </span>
     <span class='ocr_line' id='line_1_21' title="bbox 140 3297 1352 3385; baseline 0.001 -20"><span class='ocrx_word' id='word_1_183' title='bbox 140 3299 339 3376; x_wconf 75' lang='lat' dir='ltr'><strong>mittemini,</strong></span> <span class='ocrx_word' id='word_1_184' title='bbox 356 3321 482 3382; x_wconf 85' lang='lat' dir='ltr'><strong>quaese,</strong></span> <span class='ocrx_word' id='word_1_185' title='bbox 507 3297 547 3362; x_wconf 92' lang='lat' dir='ltr'><strong>ob</strong></span> <span class='ocrx_word' id='word_1_186' title='bbox 565 3299 651 3363; x_wconf 87' lang='lat' dir='ltr'><strong>viam</strong></span> <span class='ocrx_word' id='word_1_187' title='bbox 674 3300 809 3376; x_wconf 86' lang='lat' dir='ltr'><strong>litteras,</strong></span> <span class='ocrx_word' id='word_1_188' title='bbox 833 3322 914 3364; x_wconf 92' lang='lat' dir='ltr'><strong>num</strong></span> <span class='ocrx_word' id='word_1_189' title='bbox 933 3299 1011 3385; x_wconf 93' lang='lat' dir='ltr'><strong>quid</strong></span> <span class='ocrx_word' id='word_1_190' title='bbox 1034 3304 1127 3384; x_wconf 86' lang='lat' dir='ltr'><strong>putes</strong></span> <span class='ocrx_word' id='word_1_191' title='bbox 1142 3300 1189 3363; x_wconf 92' lang='lat' dir='ltr'><strong>rei</strong></span> <span class='ocrx_word' id='word_1_192' title='bbox 1205 3299 1352 3384; x_wconf 84' lang='lat' dir='ltr'><strong>publieae</strong></span> 
     </span>
     <span class='ocr_line' id='line_1_22' title="bbox 140 3401 1394 3482; baseline -0.001 -14"><span class='ocrx_word' id='word_1_193' title='bbox 140 3404 271 3468; x_wconf 90' lang='lat' dir='ltr'><strong>nemine</strong></span> <span class='ocrx_word' id='word_1_194' title='bbox 294 3402 489 3466; x_wconf 87' lang='lat' dir='ltr'><strong>tardandum</strong></span> <span class='ocrx_word' id='word_1_195' title='bbox 515 3424 581 3466; x_wconf 92' lang='lat' dir='ltr'><strong>esse</strong></span> <span class='ocrx_word' id='word_1_196' title='bbox 601 3401 702 3467; x_wconf 89' lang='lat' dir='ltr'><strong>nobis.</strong></span> <span class='ocrx_word' id='word_1_197' title='bbox 750 3401 826 3468; x_wconf 82' lang='lat' dir='ltr'><strong>Tiro</strong></span> <span class='ocrx_word' id='word_1_198' title='bbox 848 3404 890 3467; x_wconf 89' lang='lat' dir='ltr'><strong>ad</strong></span> <span class='ocrx_word' id='word_1_199' title='bbox 911 3408 943 3468; x_wconf 91' lang='lat' dir='ltr'><strong>te</strong></span> <span class='ocrx_word' id='word_1_200' title='bbox 964 3403 1104 3467; x_wconf 86' lang='lat' dir='ltr'><strong>dedisset</strong></span> <span class='ocrx_word' id='word_1_201' title='bbox 1126 3402 1264 3482; x_wconf 88' lang='lat' dir='ltr'><strong>litteras,</strong></span> <span class='ocrx_word' id='word_1_202' title='bbox 1290 3404 1394 3469; x_wconf 77' lang='lat' dir='ltr'><strong>nisi-</strong></span> 
     </span>
     <span class='ocr_line' id='line_1_23' title="bbox 139 3503 1348 3590; baseline -0.001 -19"><span class='ocrx_word' id='word_1_203' title='bbox 139 3529 214 3571; x_wconf 88' lang='lat' dir='ltr'><strong>eum</strong></span> <span class='ocrx_word' id='word_1_204' title='bbox 230 3506 371 3588; x_wconf 86' lang='lat' dir='ltr'><strong>graviter</strong></span> <span class='ocrx_word' id='word_1_205' title='bbox 391 3527 524 3590; x_wconf 87' lang='lat' dir='ltr'><strong>aegrum</strong></span> <span class='ocrx_word' id='word_1_206' title='bbox 543 3503 605 3568; x_wconf 90' lang='lat' dir='ltr'><strong>Issi</strong></span> <span class='ocrx_word' id='word_1_207' title='bbox 627 3506 837 3590; x_wconf 89' lang='lat' dir='ltr'><strong>reliquissem.</strong></span> <span class='ocrx_word' id='word_1_208' title='bbox 884 3505 948 3571; x_wconf 85' lang='lat' dir='ltr'><strong>Sed</strong></span> <span class='ocrx_word' id='word_1_209' title='bbox 966 3507 1121 3570; x_wconf 87' lang='lat' dir='ltr'><strong>nuntiant</strong></span> <span class='ocrx_word' id='word_1_210' title='bbox 1138 3506 1256 3571; x_wconf 89' lang='lat' dir='ltr'><strong>melius</strong></span> <span class='ocrx_word' id='word_1_211' title='bbox 1272 3529 1348 3573; x_wconf 86' lang='lat' dir='ltr'><strong>esse.</strong></span> 
     </span>
    </p>
   </div>
   <div class='ocr_carea' id='block_1_7' title="bbox 141 3607 1379 3799">
    <p class='ocr_par' dir='ltr' id='par_1_7' title="bbox 141 3607 1379 3799">
     <span class='ocr_line' id='line_1_24' title="bbox 141 3607 1379 3695; baseline 0.002 -21"><span class='ocrx_word' id='word_1_212' title='bbox 141 3611 214 3695; x_wconf 84' lang='lat' dir='ltr'><strong>Ege</strong></span> <span class='ocrx_word' id='word_1_213' title='bbox 243 3616 353 3673; x_wconf 90' lang='lat' dir='ltr'><strong>tamen</strong></span> <span class='ocrx_word' id='word_1_214' title='bbox 383 3631 494 3693; x_wconf 90' lang='lat' dir='ltr'><strong>angor.</strong></span> <span class='ocrx_word' id='word_1_215' title='bbox 546 3607 641 3674; x_wconf 89' lang='lat' dir='ltr'><strong>Nihil</strong></span> <span class='ocrx_word' id='word_1_216' title='bbox 671 3610 758 3676; x_wconf 90' lang='lat' dir='ltr'><strong>enim</strong></span> <span class='ocrx_word' id='word_1_217' title='bbox 788 3611 844 3674; x_wconf 89' lang='lat' dir='ltr'><strong>ille</strong></span> <span class='ocrx_word' id='word_1_218' title='bbox 875 3611 1073 3675; x_wconf 85' lang='lat' dir='ltr'><strong>adolescente</strong></span> <span class='ocrx_word' id='word_1_219' title='bbox 1104 3610 1235 3691; x_wconf 87' lang='lat' dir='ltr'><strong>castius,</strong></span> <span class='ocrx_word' id='word_1_220' title='bbox 1266 3611 1379 3677; x_wconf 76' lang='lat' dir='ltr'><strong>mhrL</strong></span> 
     </span>
     <span class='ocr_line' id='line_1_25' title="bbox 142 3713 340 3799; baseline -0.015 -20"><span class='ocrx_word' id='word_1_221' title='bbox 142 3713 340 3799; x_wconf 84' lang='lat' dir='ltr'><strong>diligentius</strong></span> 
     </span>
    </p>
   </div>
   <div class='ocr_carea' id='block_1_8' title="bbox 140 3857 1360 4960">
    <p class='ocr_par' dir='ltr' id='par_1_8' title="bbox 141 3857 1360 3983">
     <span class='ocr_line' id='line_1_26' title="bbox 176 3857 1360 3925; baseline 0.003 -19"><span class='ocrx_word' id='word_1_222' title='bbox 176 3863 198 3907; x_wconf 94' lang='lat' dir='ltr'><strong>l.</strong></span> <span class='ocrx_word' id='word_1_223' title='bbox 217 3859 257 3906; x_wconf 78' lang='lat' dir='ltr'><strong>ced</strong></span> <span class='ocrx_word' id='word_1_224' title='bbox 267 3857 409 3919; x_wconf 65' lang='lat' dir='ltr'><strong>comentem]</strong></span> <span class='ocrx_word' id='word_1_225' title='bbox 440 3857 562 3920; x_wconf 85' lang='lat' dir='ltr'><strong>‘nothing</strong></span> <span class='ocrx_word' id='word_1_226' title='bbox 579 3858 661 3907; x_wconf 88' lang='lat' dir='ltr'><strong>loth’:</strong></span> <span class='ocrx_word' id='word_1_227' title='bbox 680 3874 720 3909; x_wconf 85' lang='lat' dir='ltr'><strong>see</strong></span> <span class='ocrx_word' id='word_1_228' title='bbox 770 3857 899 3921; x_wconf 83' lang='lat' dir='ltr'><strong>perienoed</strong></span> <span class='ocrx_word' id='word_1_229' title='bbox 915 3859 942 3908; x_wconf 91' lang='lat' dir='ltr'><strong>in</strong></span> <span class='ocrx_word' id='word_1_230' title='bbox 959 3859 1002 3909; x_wconf 89' lang='lat' dir='ltr'><strong>the</strong></span> <span class='ocrx_word' id='word_1_231' title='bbox 1015 3866 1105 3909; x_wconf 84' lang='lat' dir='ltr'><strong>matter</strong></span> <span class='ocrx_word' id='word_1_232' title='bbox 1120 3859 1149 3909; x_wconf 80' lang='lat' dir='ltr'><strong>ei</strong></span> <span class='ocrx_word' id='word_1_233' title='bbox 1164 3859 1209 3909; x_wconf 89' lang='lat' dir='ltr'><strong>the</strong></span> <span class='ocrx_word' id='word_1_234' title='bbox 1226 3859 1360 3925; x_wconf 82' lang='lat' dir='ltr'><strong>supplica-</strong></span> 
     </span>
     <span class='ocr_line' id='line_1_27' title="bbox 141 3922 844 3983; baseline -0.003 -10"><span class='ocrx_word' id='word_1_235' title='bbox 141 3925 195 3973; x_wconf 81' lang='lat' dir='ltr'><strong>Att.</strong></span> <span class='ocrx_word' id='word_1_236' title='bbox 209 3941 233 3970; x_wconf 78' lang='lat' dir='ltr'><strong>r.</strong></span> <span class='ocrx_word' id='word_1_237' title='bbox 248 3926 271 3982; x_wconf 90' lang='grc'><strong>9,</strong></span> <span class='ocrx_word' id='word_1_238' title='bbox 288 3927 308 3982; x_wconf 90' lang='grc'><strong>1,</strong></span> <span class='ocrx_word' id='word_1_239' title='bbox 323 3922 370 3983; x_wconf 86' lang='lat' dir='ltr'><strong>Ep.</strong></span> <span class='ocrx_word' id='word_1_240' title='bbox 384 3938 453 3969; x_wconf 81' lang='lat' dir='ltr'><strong>cxcv.</strong></span> <span class='ocrx_word' id='word_1_241' title='bbox 771 3925 844 3973; x_wconf 62' lang='lat' dir='ltr'><strong>tien)</strong></span> 
     </span>
    </p>

    <p class='ocr_par' dir='ltr' id='par_1_9' title="bbox 140 3986 1360 4377">
     <span class='ocr_line' id='line_1_28' title="bbox 173 3986 1357 4053; baseline 0.003 -18"><span class='ocrx_word' id='word_1_242' title='bbox 173 3986 438 4048; x_wconf 67' lang='grc' dir='ltr'><strong>61111661υιονεηᾱιιηι]</strong></span> <span class='ocrx_word' id='word_1_243' title='bbox 458 3986 717 4050; x_wconf 77' lang='lat' dir='ltr'><strong>‘den&#39;ltalreanydo-</strong></span> <span class='ocrx_word' id='word_1_244' title='bbox 805 3987 961 4053; x_wconf 80' lang='lat' dir='ltr'><strong>tardandum]</strong></span> <span class='ocrx_word' id='word_1_245' title='bbox 1010 3991 1115 4037; x_wconf 82' lang='lat' dir='ltr'><strong>Terdere</strong></span> <span class='ocrx_word' id='word_1_246' title='bbox 1143 3988 1165 4038; x_wconf 89' lang='lat' dir='ltr'><strong>is</strong></span> <span class='ocrx_word' id='word_1_247' title='bbox 1196 3997 1242 4039; x_wconf 93' lang='lat' dir='ltr'><strong>net</strong></span> <span class='ocrx_word' id='word_1_248' title='bbox 1275 3990 1357 4039; x_wconf 77' lang='lat' dir='ltr'><strong>lermd</strong></span> 
     </span>
     <span class='ocr_line' id='line_1_29' title="bbox 140 4051 1360 4117; baseline 0.002 -15"><span class='ocrx_word' id='word_1_249' title='bbox 140 4053 211 4103; x_wconf 87' lang='lat' dir='ltr'><strong>cidod</strong></span> <span class='ocrx_word' id='word_1_250' title='bbox 218 4052 291 4113; x_wconf 84' lang='lat' dir='ltr'><strong>step.’</strong></span> <span class='ocrx_word' id='word_1_251' title='bbox 302 4053 397 4098; x_wconf 71' lang='lat' dir='ltr'><strong>llorere</strong></span> <span class='ocrx_word' id='word_1_252' title='bbox 404 4051 425 4098; x_wconf 91' lang='lat' dir='ltr'><strong>is</strong></span> <span class='ocrx_word' id='word_1_253' title='bbox 433 4051 720 4101; x_wconf 87' lang='lat' dir='ltr'><strong>usedinthesamescnse</strong></span> <span class='ocrx_word' id='word_1_254' title='bbox 771 4054 874 4102; x_wconf 88' lang='lat' dir='ltr'><strong>intrans.</strong></span> <span class='ocrx_word' id='word_1_255' title='bbox 888 4062 974 4117; x_wconf 73' lang='lat' dir='ltr'><strong>except</strong></span> <span class='ocrx_word' id='word_1_256' title='bbox 984 4053 1012 4102; x_wconf 90' lang='lat' dir='ltr'><strong>in</strong></span> <span class='ocrx_word' id='word_1_257' title='bbox 1023 4056 1053 4102; x_wconf 91' lang='lat' dir='ltr'><strong>ad</strong></span> <span class='ocrx_word' id='word_1_258' title='bbox 1066 4053 1136 4102; x_wconf 86' lang='lat' dir='ltr'><strong>Brut.</strong></span> <span class='ocrx_word' id='word_1_259' title='bbox 1149 4054 1165 4102; x_wconf 91' lang='lat' dir='ltr'><strong>i.</strong></span> <span class='ocrx_word' id='word_1_260' title='bbox 1182 4058 1221 4114; x_wconf 88' lang='lat'><strong>18,</strong></span> <span class='ocrx_word' id='word_1_261' title='bbox 1238 4059 1259 4115; x_wconf 88' lang='lat' dir='ltr'><strong>l,</strong></span> <span class='ocrx_word' id='word_1_262' title='bbox 1271 4055 1360 4104; x_wconf 74' lang='lat' dir='ltr'><strong>where</strong></span> 
     </span>
     <span class='ocr_line' id='line_1_30' title="bbox 140 4116 1350 4183; baseline 0.002 -16"><span class='ocrx_word' id='word_1_263' title='bbox 140 4135 167 4167; x_wconf 87' lang='lat' dir='ltr'><strong>us</strong></span> <span class='ocrx_word' id='word_1_264' title='bbox 185 4120 290 4176; x_wconf 66' lang='lat' dir='ltr'><strong>taceretis,</strong></span> <span class='ocrx_word' id='word_1_265' title='bbox 310 4120 361 4163; x_wconf 83' lang='lat' dir='ltr'><strong>Att.</strong></span> <span class='ocrx_word' id='word_1_266' title='bbox 379 4132 403 4163; x_wconf 82' lang='lat' dir='ltr'><strong>v.</strong></span> <span class='ocrx_word' id='word_1_267' title='bbox 424 4118 461 4175; x_wconf 81' lang='lat' dir='ltr'><strong>ld,</strong></span> <span class='ocrx_word' id='word_1_268' title='bbox 481 4120 502 4175; x_wconf 88' lang='lat' dir='ltr'><strong>l,</strong></span> <span class='ocrx_word' id='word_1_269' title='bbox 518 4116 564 4178; x_wconf 86' lang='lat' dir='ltr'><strong>Ep.</strong></span> <span class='ocrx_word' id='word_1_270' title='bbox 579 4117 718 4176; x_wconf 73' lang='lat' dir='ltr'><strong>clxxxviii,</strong></span> <span class='ocrx_word' id='word_1_271' title='bbox 771 4119 814 4167; x_wconf 88' lang='lat' dir='ltr'><strong>the</strong></span> <span class='ocrx_word' id='word_1_272' title='bbox 826 4119 893 4167; x_wconf 83' lang='lat' dir='ltr'><strong>werd</strong></span> <span class='ocrx_word' id='word_1_273' title='bbox 903 4119 925 4167; x_wconf 92' lang='lat' dir='ltr'><strong>is</strong></span> <span class='ocrx_word' id='word_1_274' title='bbox 937 4121 997 4167; x_wconf 91' lang='lat' dir='ltr'><strong>used</strong></span> <span class='ocrx_word' id='word_1_275' title='bbox 1008 4126 1034 4167; x_wconf 88' lang='lat' dir='ltr'><strong>te</strong></span> <span class='ocrx_word' id='word_1_276' title='bbox 1045 4118 1159 4180; x_wconf 82' lang='lat' dir='ltr'><strong>dispreve</strong></span> <span class='ocrx_word' id='word_1_277' title='bbox 1170 4120 1215 4168; x_wconf 88' lang='lat' dir='ltr'><strong>the</strong></span> <span class='ocrx_word' id='word_1_278' title='bbox 1230 4119 1350 4183; x_wconf 82' lang='lat' dir='ltr'><strong>genuina·</strong></span> 
     </span>
     <span class='ocr_line' id='line_1_31' title="bbox 141 4181 1351 4245; baseline 0.001 -14"><span class='ocrx_word' id='word_1_279' title='bbox 141 4184 189 4231; x_wconf 85' lang='lat' dir='ltr'><strong>aud</strong></span> <span class='ocrx_word' id='word_1_280' title='bbox 207 4187 350 4237; x_wconf 69' lang='lat' dir='ltr'><strong>contrectato,</strong></span> <span class='ocrx_word' id='word_1_281' title='bbox 368 4181 421 4228; x_wconf 74' lang='lat' dir='ltr'><strong>Art.</strong></span> <span class='ocrx_word' id='word_1_282' title='bbox 441 4197 467 4228; x_wconf 87' lang='lat' dir='ltr'><strong>v.</strong></span> <span class='ocrx_word' id='word_1_283' title='bbox 491 4185 519 4228; x_wconf 76' lang='lat'><strong>14</strong></span> <span class='ocrx_word' id='word_1_284' title='bbox 540 4186 560 4240; x_wconf 92' lang='lat' dir='ltr'><strong>l,</strong></span> <span class='ocrx_word' id='word_1_285' title='bbox 579 4181 627 4243; x_wconf 85' lang='lat' dir='ltr'><strong>Ep.</strong></span> <span class='ocrx_word' id='word_1_286' title='bbox 646 4182 719 4242; x_wconf 65' lang='lat' dir='ltr'><strong>cciv,</strong></span> <span class='ocrx_word' id='word_1_287' title='bbox 772 4199 827 4231; x_wconf 87' lang='lat' dir='ltr'><strong>nass</strong></span> <span class='ocrx_word' id='word_1_288' title='bbox 845 4185 873 4231; x_wconf 86' lang='lat' dir='ltr'><strong>el</strong></span> <span class='ocrx_word' id='word_1_289' title='bbox 887 4183 929 4232; x_wconf 84' lang='lat' dir='ltr'><strong>the</strong></span> <span class='ocrx_word' id='word_1_290' title='bbox 947 4185 1151 4245; x_wconf 86' lang='lat' dir='ltr'><strong>correspondenee</strong></span> <span class='ocrx_word' id='word_1_291' title='bbox 1168 4184 1233 4233; x_wconf 83' lang='lat' dir='ltr'><strong>with</strong></span> <span class='ocrx_word' id='word_1_292' title='bbox 1250 4184 1351 4234; x_wconf 86' lang='lat' dir='ltr'><strong>Brutus.</strong></span> 
     </span>
     <span class='ocr_line' id='line_1_32' title="bbox 141 4244 1353 4311; baseline 0.003 -17"><span class='ocrx_word' id='word_1_293' title='bbox 141 4249 223 4296; x_wconf 67' lang='lat' dir='ltr'><strong>where</strong></span> <span class='ocrx_word' id='word_1_294' title='bbox 231 4262 270 4295; x_wconf 87' lang='lat' dir='ltr'><strong>see</strong></span> <span class='ocrx_word' id='word_1_295' title='bbox 281 4255 346 4294; x_wconf 81' lang='lat' dir='ltr'><strong>nete.</strong></span> <span class='ocrx_word' id='word_1_296' title='bbox 371 4244 418 4293; x_wconf 88' lang='lat' dir='ltr'><strong>We</strong></span> <span class='ocrx_word' id='word_1_297' title='bbox 426 4244 514 4293; x_wconf 89' lang='lat' dir='ltr'><strong>should</strong></span> <span class='ocrx_word' id='word_1_298' title='bbox 523 4262 567 4309; x_wconf 88' lang='lat' dir='ltr'><strong>say</strong></span> <span class='ocrx_word' id='word_1_299' title='bbox 581 4246 630 4295; x_wconf 84' lang='lat' dir='ltr'><strong>‘let</strong></span> <span class='ocrx_word' id='word_1_300' title='bbox 641 4247 719 4310; x_wconf 89' lang='lat' dir='ltr'><strong>sleep-</strong></span> <span class='ocrx_word' id='word_1_301' title='bbox 773 4248 866 4311; x_wconf 78' lang='lat' dir='ltr'><strong>Meyer,</strong></span> <span class='ocrx_word' id='word_1_302' title='bbox 881 4248 1004 4308; x_wconf 83' lang='lat' dir='ltr'><strong>however,</strong></span> <span class='ocrx_word' id='word_1_303' title='bbox 1015 4252 1047 4296; x_wconf 74' lang='lat' dir='ltr'><strong>aa</strong></span> <span class='ocrx_word' id='word_1_304' title='bbox 1058 4251 1099 4297; x_wconf 84' lang='lat' dir='ltr'><strong>lec.</strong></span> <span class='ocrx_word' id='word_1_305' title='bbox 1112 4264 1138 4310; x_wconf 85' lang='lat' dir='ltr'><strong>p.</strong></span> <span class='ocrx_word' id='word_1_306' title='bbox 1150 4253 1205 4308; x_wconf 75' lang='lat'><strong>134,</strong></span> <span class='ocrx_word' id='word_1_307' title='bbox 1217 4250 1353 4299; x_wconf 80' lang='lat' dir='ltr'><strong>vindicatas</strong></span> 
     </span>
     <span class='ocr_line' id='line_1_33' title="bbox 141 4310 1349 4377; baseline 0.003 -17"><span class='ocrx_word' id='word_1_308' title='bbox 141 4313 185 4375; x_wconf 84' lang='lat' dir='ltr'><strong>ing</strong></span> <span class='ocrx_word' id='word_1_309' title='bbox 196 4313 255 4373; x_wconf 80' lang='lat' dir='ltr'><strong>dege</strong></span> <span class='ocrx_word' id='word_1_310' title='bbox 267 4310 318 4359; x_wconf 89' lang='lat' dir='ltr'><strong>lia.’</strong></span> <span class='ocrx_word' id='word_1_311' title='bbox 773 4315 870 4359; x_wconf 77' lang='lat' dir='ltr'><strong>tardere</strong></span> <span class='ocrx_word' id='word_1_312' title='bbox 891 4313 994 4361; x_wconf 85' lang='lat' dir='ltr'><strong>intrans.</strong></span> <span class='ocrx_word' id='word_1_313' title='bbox 1024 4314 1057 4377; x_wconf 92' lang='lat' dir='ltr'><strong>by</strong></span> <span class='ocrx_word' id='word_1_314' title='bbox 1081 4315 1168 4361; x_wconf 78' lang='lat' dir='ltr'><strong>durare</strong></span> <span class='ocrx_word' id='word_1_315' title='bbox 1198 4318 1303 4364; x_wconf 84' lang='lat' dir='ltr'><strong>intrans.</strong></span> <span class='ocrx_word' id='word_1_316' title='bbox 1326 4314 1349 4363; x_wconf 84' lang='lat' dir='ltr'><strong>ir</strong></span> 
     </span>
    </p>

    <p class='ocr_par' dir='ltr' id='par_1_10' title="bbox 141 4373 1352 4700">
     <span class='ocr_line' id='line_1_34' title="bbox 175 4373 1350 4440; baseline 0.002 -15"><span class='ocrx_word' id='word_1_317' title='bbox 175 4379 272 4440; x_wconf 79' lang='grc' dir='ltr'>ἀφελῶς</span> <span class='ocrx_word' id='word_1_318' title='bbox 285 4373 458 4439; x_wconf 76' lang='lat' dir='ltr'><strong>percontando]</strong></span> <span class='ocrx_word' id='word_1_319' title='bbox 495 4374 545 4437; x_wconf 88' lang='lat' dir='ltr'><strong>‘by</strong></span> <span class='ocrx_word' id='word_1_320' title='bbox 562 4375 721 4440; x_wconf 84' lang='lat' dir='ltr'><strong>questieuing</strong></span> <span class='ocrx_word' id='word_1_321' title='bbox 772 4377 891 4425; x_wconf 88' lang='lat' dir='ltr'><strong>Plautus:</strong></span> <span class='ocrx_word' id='word_1_322' title='bbox 905 4394 944 4426; x_wconf 88' lang='lat' dir='ltr'><strong>sea</strong></span> <span class='ocrx_word' id='word_1_323' title='bbox 957 4378 981 4425; x_wconf 79' lang='grc' dir='ltr'><strong>Ι2</strong></span> <span class='ocrx_word' id='word_1_324' title='bbox 993 4394 1018 4440; x_wconf 90' lang='lat' dir='ltr'><strong>p.</strong></span> <span class='ocrx_word' id='word_1_325' title='bbox 1033 4382 1073 4425; x_wconf 85' lang='lat'><strong>61.</strong></span> <span class='ocrx_word' id='word_1_326' title='bbox 1108 4377 1157 4426; x_wconf 83' lang='lat' dir='ltr'><strong>We</strong></span> <span class='ocrx_word' id='word_1_327' title='bbox 1168 4379 1244 4427; x_wconf 85' lang='lat' dir='ltr'><strong>think</strong></span> <span class='ocrx_word' id='word_1_328' title='bbox 1258 4382 1350 4427; x_wconf 76' lang='lat' dir='ltr'><strong>tardare</strong></span> 
     </span>
     <span class='ocr_line' id='line_1_35' title="bbox 141 4439 1349 4508; baseline 0.002 -18"><span class='ocrx_word' id='word_1_329' title='bbox 141 4442 193 4490; x_wconf 90' lang='lat' dir='ltr'><strong>him</strong></span> <span class='ocrx_word' id='word_1_330' title='bbox 205 4440 295 4503; x_wconf 86' lang='lat' dir='ltr'><strong>simply</strong></span> <span class='ocrx_word' id='word_1_331' title='bbox 311 4439 375 4502; x_wconf 75' lang='lat' dir='ltr'><strong>(sarra</strong></span> <span class='ocrx_word' id='word_1_332' title='bbox 388 4441 475 4501; x_wconf 65' lang='lat' dir='ltr'><strong>soson)</strong></span> <span class='ocrx_word' id='word_1_333' title='bbox 487 4439 562 4487; x_wconf 88' lang='lat' dir='ltr'><strong>about</strong></span> <span class='ocrx_word' id='word_1_334' title='bbox 581 4439 718 4490; x_wconf 86' lang='lat' dir='ltr'><strong>Mile&#39;sae·</strong></span> <span class='ocrx_word' id='word_1_335' title='bbox 771 4442 875 4490; x_wconf 85' lang='lat' dir='ltr'><strong>intrans.</strong></span> <span class='ocrx_word' id='word_1_336' title='bbox 895 4442 976 4505; x_wconf 85' lang='lat' dir='ltr'><strong>might</strong></span> <span class='ocrx_word' id='word_1_337' title='bbox 995 4443 1049 4491; x_wconf 82' lang='lat' dir='ltr'><strong>well</strong></span> <span class='ocrx_word' id='word_1_338' title='bbox 1073 4443 1102 4490; x_wconf 88' lang='lat' dir='ltr'><strong>be</strong></span> <span class='ocrx_word' id='word_1_339' title='bbox 1125 4459 1140 4490; x_wconf 92' lang='lat' dir='ltr'><strong>a</strong></span> <span class='ocrx_word' id='word_1_340' title='bbox 1162 4444 1349 4508; x_wconf 84' lang='lat' dir='ltr'><strong>colloquiallsm.</strong></span> 
     </span>
     <span class='ocr_line' id='line_1_36' title="bbox 141 4503 1350 4565; baseline 0.003 -12"><span class='ocrx_word' id='word_1_341' title='bbox 141 4515 237 4565; x_wconf 76' lang='lat' dir='ltr'><strong>ceunts,</strong></span> <span class='ocrx_word' id='word_1_342' title='bbox 260 4504 309 4552; x_wconf 85' lang='lat' dir='ltr'><strong>and</strong></span> <span class='ocrx_word' id='word_1_343' title='bbox 331 4503 421 4565; x_wconf 86' lang='lat' dir='ltr'><strong>urging</strong></span> <span class='ocrx_word' id='word_1_344' title='bbox 444 4504 495 4551; x_wconf 89' lang='lat' dir='ltr'><strong>him</strong></span> <span class='ocrx_word' id='word_1_345' title='bbox 523 4511 549 4552; x_wconf 89' lang='lat' dir='ltr'><strong>te</strong></span> <span class='ocrx_word' id='word_1_346' title='bbox 577 4506 650 4554; x_wconf 83' lang='lat' dir='ltr'><strong>settle</strong></span> <span class='ocrx_word' id='word_1_347' title='bbox 678 4506 720 4555; x_wconf 88' lang='lat' dir='ltr'><strong>the</strong></span> <span class='ocrx_word' id='word_1_348' title='bbox 772 4507 1124 4565; x_wconf 86' lang='lat' dir='ltr'><strong>llewever,oanwenothere</strong></span> <span class='ocrx_word' id='word_1_349' title='bbox 1136 4508 1195 4557; x_wconf 84' lang='lat' dir='ltr'><strong>take</strong></span> <span class='ocrx_word' id='word_1_350' title='bbox 1209 4512 1350 4558; x_wconf 79' lang='lat' dir='ltr'><strong>tardandum</strong></span> 
     </span>
     <span class='ocr_line' id='line_1_37' title="bbox 142 4569 1351 4635; baseline 0.004 -16"><span class='ocrx_word' id='word_1_351' title='bbox 142 4578 230 4619; x_wconf 84' lang='lat' dir='ltr'><strong>matter</strong></span> <span class='ocrx_word' id='word_1_352' title='bbox 249 4586 275 4617; x_wconf 87' lang='lat' dir='ltr'><strong>as</strong></span> <span class='ocrx_word' id='word_1_353' title='bbox 295 4569 326 4616; x_wconf 85' lang='lat' dir='ltr'><strong>he</strong></span> <span class='ocrx_word' id='word_1_354' title='bbox 346 4569 466 4630; x_wconf 85' lang='lat' dir='ltr'><strong>promised</strong></span> <span class='ocrx_word' id='word_1_355' title='bbox 484 4586 530 4628; x_wconf 86' lang='lat' dir='ltr'><strong>me,</strong></span> <span class='ocrx_word' id='word_1_356' title='bbox 551 4586 601 4632; x_wconf 86' lang='lat' dir='ltr'><strong>you</strong></span> <span class='ocrx_word' id='word_1_357' title='bbox 621 4569 672 4618; x_wconf 90' lang='lat' dir='ltr'><strong>will</strong></span> <span class='ocrx_word' id='word_1_358' title='bbox 690 4571 720 4621; x_wconf 90' lang='lat' dir='ltr'><strong>be</strong></span> <span class='ocrx_word' id='word_1_359' title='bbox 771 4589 797 4619; x_wconf 87' lang='lat' dir='ltr'><strong>as</strong></span> <span class='ocrx_word' id='word_1_360' title='bbox 809 4572 945 4635; x_wconf 81' lang='lat' dir='ltr'><strong>governing</strong></span> <span class='ocrx_word' id='word_1_361' title='bbox 956 4574 1035 4633; x_wconf 77' lang='lat' dir='ltr'><strong>qaid?</strong></span> <span class='ocrx_word' id='word_1_362' title='bbox 1051 4573 1093 4621; x_wconf 89' lang='lat' dir='ltr'><strong>the</strong></span> <span class='ocrx_word' id='word_1_363' title='bbox 1105 4575 1186 4621; x_wconf 84' lang='lat' dir='ltr'><strong>words</strong></span> <span class='ocrx_word' id='word_1_364' title='bbox 1199 4576 1283 4623; x_wconf 77' lang='lat' dir='ltr'><strong>would</strong></span> <span class='ocrx_word' id='word_1_365' title='bbox 1293 4574 1351 4624; x_wconf 83' lang='lat' dir='ltr'><strong>than</strong></span> 
     </span>
     <span class='ocr_line' id='line_1_38' title="bbox 141 4633 1352 4700; baseline 0.003 -16"><span class='ocrx_word' id='word_1_366' title='bbox 141 4637 196 4684; x_wconf 87' lang='lat' dir='ltr'><strong>able</strong></span> <span class='ocrx_word' id='word_1_367' title='bbox 208 4647 234 4683; x_wconf 84' lang='lat' dir='ltr'><strong>te</strong></span> <span class='ocrx_word' id='word_1_368' title='bbox 245 4635 275 4682; x_wconf 90' lang='lat' dir='ltr'><strong>de</strong></span> <span class='ocrx_word' id='word_1_369' title='bbox 287 4649 352 4681; x_wconf 86' lang='lat' dir='ltr'><strong>some</strong></span> <span class='ocrx_word' id='word_1_370' title='bbox 365 4633 446 4696; x_wconf 79' lang='lat' dir='ltr'><strong>goed’</strong></span> <span class='ocrx_word' id='word_1_371' title='bbox 771 4653 842 4684; x_wconf 86' lang='lat' dir='ltr'><strong>rueun</strong></span> <span class='ocrx_word' id='word_1_372' title='bbox 865 4637 992 4686; x_wconf 82' lang='lat' dir='ltr'><strong>‘whether</strong></span> <span class='ocrx_word' id='word_1_373' title='bbox 1009 4653 1057 4699; x_wconf 85' lang='lat' dir='ltr'><strong>you</strong></span> <span class='ocrx_word' id='word_1_374' title='bbox 1074 4637 1148 4685; x_wconf 86' lang='lat' dir='ltr'><strong>think</strong></span> <span class='ocrx_word' id='word_1_375' title='bbox 1167 4638 1180 4686; x_wconf 95' lang='lat' dir='ltr'>I</span> <span class='ocrx_word' id='word_1_376' title='bbox 1201 4640 1300 4700; x_wconf 80' lang='lat' dir='ltr'><strong>should,</strong></span> <span class='ocrx_word' id='word_1_377' title='bbox 1321 4655 1352 4688; x_wconf 91' lang='lat' dir='ltr'><strong>en</strong></span> 
     </span>
    </p>

    <p class='ocr_par' dir='ltr' id='par_1_11' title="bbox 142 4698 1353 4831">
     <span class='ocr_line' id='line_1_39' title="bbox 176 4698 1350 4810; baseline 0.005 -62"><span class='ocrx_word' id='word_1_378' title='bbox 176 4705 198 4748; x_wconf 79' lang='lat'><strong>2.</strong></span> <span class='ocrx_word' id='word_1_379' title='bbox 215 4698 360 4810; x_wconf 64' lang='grc' dir='ltr'><strong>16961611αέ</strong></span> <span class='ocrx_word' id='word_1_380' title='bbox 381 4698 718 4749; x_wconf 83' lang='lat' dir='ltr'><strong>Seeneteeuthesowerds:</strong></span> <span class='ocrx_word' id='word_1_381' title='bbox 771 4702 853 4763; x_wconf 87' lang='lat' dir='ltr'><strong>public</strong></span> <span class='ocrx_word' id='word_1_382' title='bbox 870 4703 985 4764; x_wconf 86' lang='lat' dir='ltr'><strong>grounds,</strong></span> <span class='ocrx_word' id='word_1_383' title='bbox 999 4702 1071 4766; x_wconf 86' lang='lat' dir='ltr'><strong>delay</strong></span> <span class='ocrx_word' id='word_1_384' title='bbox 1082 4719 1124 4766; x_wconf 86' lang='lat' dir='ltr'><strong>my</strong></span> <span class='ocrx_word' id='word_1_385' title='bbox 1135 4703 1228 4765; x_wconf 86' lang='lat' dir='ltr'><strong>jeurne</strong></span> <span class='ocrx_word' id='word_1_386' title='bbox 1258 4714 1286 4754; x_wconf 85' lang='lat' dir='ltr'><strong>at</strong></span> <span class='ocrx_word' id='word_1_387' title='bbox 1300 4704 1350 4754; x_wconf 89' lang='lat' dir='ltr'><strong>all.’</strong></span> 
     </span>
     <span class='ocr_line' id='line_1_40' title="bbox 142 4762 1353 4831; baseline 0.003 -17"><span class='ocrx_word' id='word_1_388' title='bbox 142 4767 235 4814; x_wconf 68' lang='lat' dir='ltr'><strong>Aer</strong></span> <span class='ocrx_word' id='word_1_389' title='bbox 251 4767 325 4823; x_wconf 82' lang='lat'><strong>10,2,</strong></span> <span class='ocrx_word' id='word_1_390' title='bbox 363 4780 386 4825; x_wconf 89' lang='lat' dir='ltr'><strong>p.</strong></span> <span class='ocrx_word' id='word_1_391' title='bbox 400 4762 478 4812; x_wconf 85' lang='lat' dir='ltr'><strong>cxcvi.</strong></span> <span class='ocrx_word' id='word_1_392' title='bbox 801 4771 910 4828; x_wconf 70' lang='lat' dir='ltr'><strong>graviter</strong></span> <span class='ocrx_word' id='word_1_393' title='bbox 928 4767 1036 4830; x_wconf 65' lang='lat' dir='ltr'><strong>myrum]</strong></span> <span class='ocrx_word' id='word_1_394' title='bbox 1077 4783 1114 4829; x_wconf 88' lang='lat' dir='ltr'><strong>cp.</strong></span> <span class='ocrx_word' id='word_1_395' title='bbox 1136 4784 1159 4815; x_wconf 81' lang='lat' dir='ltr'><strong>ae</strong></span> <span class='ocrx_word' id='word_1_396' title='bbox 1178 4784 1195 4815; x_wconf 80' lang='lat' dir='ltr'><strong>n</strong></span> <span class='ocrx_word' id='word_1_397' title='bbox 1243 4774 1353 4831; x_wconf 68' lang='lat' dir='ltr'><strong>graviter</strong></span> 
     </span>
    </p>

    <p class='ocr_par' dir='ltr' id='par_1_12' title="bbox 141 4827 1353 4960">
     <span class='ocr_line' id='line_1_41' title="bbox 176 4827 1353 4896; baseline 0.006 -19"><span class='ocrx_word' id='word_1_398' title='bbox 176 4828 418 4894; x_wconf 68' lang='lat' dir='ltr'><strong>hiarnaqiatralibua]</strong></span> <span class='ocrx_word' id='word_1_399' title='bbox 450 4827 538 4876; x_wconf 80' lang='lat' dir='ltr'><strong>‘while</strong></span> <span class='ocrx_word' id='word_1_400' title='bbox 550 4828 618 4877; x_wconf 83' lang='lat' dir='ltr'><strong>these</strong></span> <span class='ocrx_word' id='word_1_401' title='bbox 630 4829 720 4893; x_wconf 85' lang='lat' dir='ltr'><strong>magis-</strong></span> <span class='ocrx_word' id='word_1_402' title='bbox 771 4832 862 4890; x_wconf 63' lang='lat' dir='ltr'><strong>holere,</strong></span> <span class='ocrx_word' id='word_1_403' title='bbox 882 4832 936 4880; x_wconf 76' lang='lat' dir='ltr'><strong>Aa.</strong></span> <span class='ocrx_word' id='word_1_404' title='bbox 957 4831 1000 4879; x_wconf 80' lang='lat' dir='ltr'><strong>rii.</strong></span> <span class='ocrx_word' id='word_1_405' title='bbox 1021 4838 1043 4892; x_wconf 76' lang='lat'><strong>2,</strong></span> <span class='ocrx_word' id='word_1_406' title='bbox 1068 4836 1090 4890; x_wconf 88' lang='grc'><strong>3,</strong></span> <span class='ocrx_word' id='word_1_407' title='bbox 1114 4831 1161 4894; x_wconf 88' lang='lat' dir='ltr'><strong>Ep.</strong></span> <span class='ocrx_word' id='word_1_408' title='bbox 1187 4849 1200 4882; x_wconf 87' lang='lat' dir='ltr'><strong>c</strong></span> <span class='ocrx_word' id='word_1_409' title='bbox 1234 4833 1303 4896; x_wconf 78' lang='lat' dir='ltr'><strong>ciii.;</strong></span> <span class='ocrx_word' id='word_1_410' title='bbox 1326 4852 1353 4884; x_wconf 86' lang='lat' dir='ltr'><strong>ae</strong></span> 
     </span>
     <span class='ocr_line' id='line_1_42' title="bbox 141 4894 1199 4960; baseline 0.001 -16"><span class='ocrx_word' id='word_1_411' title='bbox 141 4901 218 4944; x_wconf 85' lang='lat' dir='ltr'><strong>tratas</strong></span> <span class='ocrx_word' id='word_1_412' title='bbox 236 4894 294 4942; x_wconf 91' lang='lat' dir='ltr'><strong>held</strong></span> <span class='ocrx_word' id='word_1_413' title='bbox 314 4894 382 4941; x_wconf 85' lang='lat' dir='ltr'><strong>effice</strong></span> <span class='ocrx_word' id='word_1_414' title='bbox 402 4894 484 4943; x_wconf 83' lang='lat' dir='ltr'><strong>whose</strong></span> <span class='ocrx_word' id='word_1_415' title='bbox 502 4896 564 4956; x_wconf 90' lang='lat' dir='ltr'><strong>good</strong></span> <span class='ocrx_word' id='word_1_416' title='bbox 579 4894 631 4944; x_wconf 89' lang='lat' dir='ltr'><strong>will</strong></span> <span class='ocrx_word' id='word_1_417' title='bbox 649 4895 661 4943; x_wconf 97' lang='lat' dir='ltr'><strong>l</strong></span> <span class='ocrx_word' id='word_1_418' title='bbox 678 4912 719 4944; x_wconf 85' lang='lat' dir='ltr'><strong>cx·</strong></span> <span class='ocrx_word' id='word_1_419' title='bbox 771 4899 853 4945; x_wconf 65' lang='lat' dir='ltr'><strong>latter</strong></span> <span class='ocrx_word' id='word_1_420' title='bbox 865 4903 997 4960; x_wconf 68' lang='lat' dir='ltr'><strong>aegrotans,</strong></span> <span class='ocrx_word' id='word_1_421' title='bbox 1012 4896 1060 4945; x_wconf 86' lang='lat' dir='ltr'><strong>Otl.</strong></span> <span class='ocrx_word' id='word_1_422' title='bbox 1074 4897 1092 4945; x_wconf 92' lang='lat' dir='ltr'><strong>i.</strong></span> <span class='ocrx_word' id='word_1_423' title='bbox 1107 4899 1148 4946; x_wconf 86' lang='grc'><strong>83.</strong></span> <span class='ocrx_word' id='word_1_424' title='bbox 1196 4948 1199 4955; x_wconf 68' lang='grc'><em>,</em></span> 
     </span>
    </p>
   </div>
   <div class='ocr_carea' id='block_1_9' title="bbox 0 0 1500 5356">
    <p class='ocr_par' dir='ltr' id='par_1_13' title="bbox 0 0 1500 5356">
     <span class='ocr_line' id='line_1_43' title="bbox 0 0 1500 5356; baseline 0 0"><span class='ocrx_word' id='word_1_425' title='bbox 0 0 1500 5356; x_wconf 95' lang='lat' dir='ltr'><strong> </strong></span> 
     </span>
    </p>
   </div>
  </div>
 </body>
</html>
