2976 5356
488 360 640 429 eoam.
665 363 787 447 (ram
811 364 885 431 [ιι.
909 366 975 450 10).
1281 367 1343 432 201

134 534 259 621 quibus
272 557 334 623 ego
349 557 415 602 uon
430 540 500 602 tam
518 535 674 622 imperavi
694 559 792 624 quam
818 538 928 604 oensui
947 541 1095 624 sumptus
1117 538 1235 626 legatis
1248 561 1347 624 quam

137 639 283 707 maxime
302 640 345 706 ad
358 640 466 726 legem
485 639 668 707 Corneliam
689 642 915 708 deoernendoa.
959 642 1071 726 Atque
1088 643 1124 708 in
1144 665 1182 709 eo
1203 644 1273 729 ipso
1294 665 1349 709 me

137 764 207 809 non
217 764 434 829 perseverasse
448 748 547 810 testea
561 746 639 809 sunt
652 744 793 810 rationes
808 745 986 825 eivitatum‚
1002 745 1037 810 iu
1050 745 1177 832 quibus,
1187 750 1347 830 quantum

138 868 288 934 quaeque
305 845 420 927 voluit,
442 846 560 934 legatis
575 848 642 912 tuis
655 849 769 913 datum
789 847 930 914 induxit.
975 850 1007 913 7.
1031 848 1079 914 Te
1099 853 1209 915 autem
1230 846 1348 934 quibus

138 949 319 1017 mendaciis
331 949 479 1017 homines
492 951 647 1018 levissimi
661 952 855 1017 onerarunt!
880 973 946 1017 non
965 953 1062 1018 modo
1080 952 1224 1018 sublatos
1238 974 1346 1038 sump·

138 1058 206 1132 tus,
230 1054 409 1121 sedetiam
430 1077 451 1120 a
468 1053 728 1141 proauratoribus
751 1076 872 1134 eorum,
899 1055 956 1141 qui
980 1055 1047 1121 iam
1070 1056 1207 1142 profecti
1231 1062 1348 1133 essent,

138 1157 296 1243 repetitos
307 1161 341 1224 et
351 1157 484 1237 ablatos,
497 1181 632 1244 eamque
640 1181 769 1224 oausam
779 1159 892 1225 multis
906 1160 1038 1225 omnino
1049 1182 1113 1225 non
1126 1160 1227 1226 eundi
1238 1160 1346 1226 fuisse.

142 1259 306 1332 Quererer
324 1266 432 1327 teourn
454 1266 552 1347 atque
570 1262 818 1347 expostularem,
841 1262 886 1342 ni,
902 1267 1051 1348 utsupra
1071 1264 1193 1349 scripsi,
1208 1285 1349 1350 purgare

141 1385 196 1429 me
210 1360 272 1431 tihi
287 1362 347 1430 hoo
361 1368 419 1431 tuo
434 1369 578 1451 tempore
600 1387 698 1450 quam
720 1387 870 1431 aoousare
886 1372 920 1432 te
939 1367 1071 1432 mallem
1087 1369 1187 1452 idque
1200 1372 1349 1454 putarem

142 1488 212 1533 asse
230 1468 361 1533 metius.
410 1467 531 1553 Itaque
544 1468 629 1534 nihil
644 1468 685 1534 de
699 1473 733 1535 te
747 1471 836 1554 quod
849 1470 1042 1535 eredideris:
1065 1472 1105 1537 de
1122 1493 1175 1537 me
1189 1493 1288 1557 quam
1307 1469 1349 1538 ob

139 1592 212 1637 rem
225 1592 293 1637 non
307 1571 456 1638 debueris
470 1573 596 1638 eredere
611 1594 714 1658 panea
729 1572 843 1639 dieam.
889 1573 978 1639 Nam
993 1574 1021 1638 si
1035 1597 1087 1640 me
1102 1575 1209 1640 virum
1218 1573 1351 1654 bonum,

139 1673 169 1740 si
183 1673 323 1761 dignum
337 1675 378 1741 iis
392 1675 509 1742 studiis
522 1697 623 1761 eaque
638 1676 794 1755 doetrina,
810 1676 863 1742 oui
876 1699 929 1743 me
944 1699 964 1742 a
978 1678 1119 1763 pueritia
1127 1679 1213 1759 dedi,
1230 1680 1258 1744 si
1269 1679 1348 1745 eatis

141 1777 257 1864 magni
278 1778 390 1858 animi,
416 1801 483 1845 non
508 1779 637 1845 minimi
654 1780 781 1846 oonsilii
802 1781 839 1846 in
861 1781 1013 1847 maximis
1033 1779 1129 1848 rebus
1148 1786 1350 1868 perspectum

140 1880 253 1962 habes,
268 1881 354 1949 nihil
363 1883 399 1948 in
413 1906 466 1950 me
481 1906 546 1950 non
560 1885 658 1950 modo
673 1885 880 1970 perfidiosum
894 1889 928 1951 et
943 1885 1134 1952 insidiosum
1149 1890 1182 1952 et
1197 1886 1300 1951 fallax
1314 1885 1350 1951 in

140 1986 297 2067 amioitia,
322 1988 380 2054 sed
404 2011 447 2054 ne
471 1987 595 2055 humile
624 1989 755 2075 quidem
784 1993 841 2055 aut
870 1988 1017 2054 ieiunum
1047 1988 1143 2055 debes
1168 2011 1349 2075 agnosoere.

140 2090 175 2156 8.
197 2088 260 2156 sin
274 2104 384 2157 autem
398 2113 452 2158 me
466 2095 610 2159 astutum
624 2096 659 2159 et
677 2092 839 2158 oecultum
859 2090 939 2156 libet
959 2092 1091 2177 fingere,
1107 2092 1249 2176 quidest
1264 2093 1351 2177 quod

141 2194 254 2259 minus
267 2195 381 2261 eadere
398 2195 435 2261 in
452 2197 522 2262 eius
538 2196 628 2262 modi
649 2199 802 2261 naturam
819 2193 921 2279 possit
940 2216 1038 2278 quam
1058 2199 1115 2259 aut
1132 2193 1351 2260 florentissimi

141 2296 288 2363 hominis
295 2299 460 2384 aspernari
468 2298 727 2365 benevolentiam
735 2303 792 2363 aut
801 2298 870 2362 eius
881 2297 1152 2363 existimationem
1163 2319 1352 2384 oppugnare

141 2400 180 2467 iu
193 2401 373 2489 provinoia,
395 2403 487 2468 ouius
505 2403 636 2469 laudem
658 2404 747 2468 domi
769 2400 960 2480 defenderis,
981 2406 1038 2466 aut
1052 2401 1087 2467 in
1102 2424 1141 2467 ea
1155 2425 1190 2468 re
1204 2401 1351 2466 animum

142 2506 314 2572 ostendere
327 2505 505 2586 inimioum,
520 2506 556 2572 in
571 2528 636 2592 qua
649 2505 733 2571 nihil
748 2503 842 2585 obsis,
858 2509 915 2569 aut
928 2505 964 2570 id
978 2505 1098 2591 eligere
1115 2505 1156 2570 ad
1171 2505 1351 2591 perfidiam,

142 2609 235 2695 quod
248 2609 292 2675 ad
306 2608 518 2676 indioandum
532 2610 643 2675 odium
656 2608 894 2694 apertissimum
909 2607 961 2687 sit,
976 2609 1019 2673 ad
1032 2609 1214 2674 nocendum
1229 2607 1350 2674 levissi-

142 2712 267 2779 mum?
311 2711 402 2784 Quid
421 2718 491 2779 erat
513 2718 623 2780 autem
645 2736 702 2778 our
724 2734 785 2798 ego
808 2711 844 2777 in
868 2715 989 2778 tetam
1006 2712 1219 2797 implaoahilis
1240 2733 1351 2789 essem,

142 2837 221 2883 oum
235 2820 270 2881 te
285 2839 326 2882 ex
337 2815 439 2881 fratre
453 2838 526 2882 meo
540 2839 582 2882 ne
596 2822 676 2883 tuno
690 2816 832 2902 quidem,
853 2838 926 2882 oum
941 2814 1003 2882 tibi
1017 2838 1117 2902 prope
1131 2838 1257 2882 neeesse
1271 2822 1353 2881 esset

142 2940 199 2985 aas
223 2940 322 3005 agere
344 2924 463 3005 partes,
487 2920 656 2986 inimioum
678 2918 761 2985 milri
786 2919 886 2986 inisse
911 2920 1125 3005 eognossem?
1170 2919 1254 2985 (lum
1277 2941 1354 2985 vero

142 3021 289 3089 reditum
304 3026 452 3088 nostrum
472 3022 508 3088 in
526 3023 666 3109 gratiam
685 3028 821 3107 uterque
843 3024 1025 3109 expetisset,
1041 3023 1120 3109 quid
1134 3023 1169 3088 in
1184 3022 1353 3089 oonsulatu

144 3129 204 3191 tuo
218 3125 342 3191 h'ustra
355 3148 482 3193 meeum
497 3127 593 3213 egisti
608 3129 694 3212 quod
708 3150 761 3193 me
776 3133 833 3192 aut
847 3128 951 3193 faeere
965 3132 1023 3193 aut
1038 3127 1157 3192 sentire
1171 3126 1354 3193 voluisses?

145 3337 270 3402 supposed
288 3335 332 3385 the
351 3336 433 3385 worda
454 3352 523 3386 arose
544 3336 610 3387 from
632 3353 728 3389 amar·
812 3340 874 3401 qaod
897 3337 1040 3404 crediderit]
1087 3337 1206 3387 ‘because
1234 3353 1285 3403 you
1311 3340 1354 3387 bo·

145 3402 216 3468 ginul
226 3401 295 3465 gloss
306 3416 339 3450 on
348 3399 393 3450 the
400 3401 532 3465 preceding
538 3410 652 3452 sentence
664 3404 683 3468 (‘
692 3420 726 3453 so.
779 3402 879 3453 lieven!

146 3482 188 3517 es.
207 3466 325 3530 Epicteto
343 3464 490 3528 philosopho
506 3466 643 3532 petitum').
677 3468 729 3518 But
810 3470 866 3515 nili
971 3465 1051 3532 apere]
1087 3466 1181 3517 ‘sofar
1191 3467 1255 3516 from
1269 3482 1353 3532 recog·

145 3531 179 3583 he
190 3530 261 3596 gives
271 3529 300 3579 in
310 3529 461 3595 reluctantly
472 3536 499 3580 to
511 3531 553 3581 the
564 3535 732 3583 consensuros
778 3532 864 3595 nizing
885 3539 946 3596 anyt
967 3532 972 3542 '
992 3549 1008 3594 g
1025 3531 1188 3589 treacherous‚
1212 3547 1240 3580 or
1262 3533 1353 3582 under-

146 3596 191 3647 the
201 3610 259 3645 nas.
778 3597 852 3656 hand,
866 3614 894 3645 or
904 3596 1022 3646 deeeitful
1033 3596 1060 3645 in
1071 3596 1214 3658 friendship,
1228 3612 1278 3660 you
1290 3597 1355 3647 hasa

180 3662 266 3723 quitus
284 3675 326 3722 090
343 3674 390 3707 non
406 3665 481 3710 tam.
502 3696 535 3709 ..
559 3660 651 3727 omrai]
688 3665 729 3711 ‘to
778 3678 811 3711 no
822 3661 925 3724 rightto
942 3663 1044 3724 pretend
1055 3670 1081 3710 to
1090 3661 1219 3724 recognize
1230 3661 1354 3726 anything

147 3725 232 3777 whom
249 3722 319 3773 what
338 3722 352 3773 1
369 3723 422 3774 said
439 3739 491 3773 was
506 3730 551 3775 not
567 3742 594 3775 so
610 3725 728 3776 muchan
777 3726 827 3775 low
838 3743 866 3774 or
876 3726 968 3791 paltry.
1003 3725 1054 3774 But
1064 3725 1087 3774 if
1098 3741 1148 3788 you
1160 3742 1201 3774 are
1212 3725 1311 3788 pleased
1327 3734 1355 3776 to

147 3790 219 3841 order
227 3804 257 3840 as
268 3804 301 3837 an
312 3788 454 3852 expression
465 3788 493 3838 of
508 3789 629 3853 opinion!
777 3790 885 3854 imagine
896 3806 935 3839 me
946 3806 979 3839 an
989 3789 1067 3839 artiul
1077 3791 1126 3839 and
1137 3790 1198 3838 darlr
1210 3790 1285 3852 nrau,’
1296 3792 1341 3840 do.

178 3852 292 3943 iamir]
326 3854 349 3901 A
377 3853 564 3919 book-keeping
591 3855 660 3904 word
686 3855 726 3904 for
810 3858 833 3904 8.
851 3871 903 3904 eum
916 3856 961 3903 eibi
968 3870 1136 3916 proponerem
1144 3853 1214 3920 errat]
1232 3871 1266 3905 so.
1277 3856 1352 3905 when

150 3918 280 3982 ‘nearing
316 3917 344 3966 in
361 3933 394 3967 an
415 3927 533 3969 account:
560 3934 601 3969 see
622 3924 680 3970 note
701 3926 728 3969 to
777 3919 881 3982 Appius*
895 3920 1002 3981 brother,
1022 3919 1052 3968 P.
1072 3918 1181 3980 Clodius,
1200 3935 1251 3969 was
1268 3921 1352 3971 assail-

148 3984 201 4035 Att.
231 3983 268 4033 iv.
290 3986 329 4042 17,
349 3986 375 4043 2,
393 3982 441 4046 Ep.
465 3983 524 4032 elix.
575 3983 728 4048 Wesenberg
777 3984 886 4048 iugme:
905 4001 944 4048 ep.
957 3986 1012 4034 Att.
1024 3983 1052 4033 ii.
1066 3987 1105 4043 22,
1119 3988 1143 4044 2,
1156 3984 1205 4046 Ep.
1217 3984 1279 4033 xlix.

148 4047 216 4113 (Em.
235 4050 294 4124 Adi.
315 4061 342 4110 p.
364 4048 388 4112 7)
418 4051 440 4097 is
467 4048 573 4111 perhaps
602 4048 670 4113 right
699 4049 727 4098 iu
810 4052 1060 4112 quidincourulotu.
1081 4087 1087 4098 .
1108 4048 1252 4163 ‚volscisaesp
1268 4049 1353 4100 ‘what

149 4118 296 4232 Ἢ
306 4114 334 4161 s'n
341 4128 404 4289 puer
413 4129 423 4161 .·
435 4128 474 4176 ep.
488 4116 502 4161 2
514 4112 586 4162 Verr.
598 4112 616 4161 i.
627 4116 693 4163 ⁸106.
778 4114 910 4164 assistance
921 4130 949 4164 or
958 4121 1016 4164 vote
1027 4112 1068 4162 did
1079 4129 1129 4177 you
1140 4128 1198 4163 ever
1208 4129 1234 4162 aa
1262 4130 1302 4164 me
1312 4114 1353 4165 for

296 4178 340 4224 imi
389 4177 433 4226 ‘oi
442 4192 476 4226 no
486 4176 580 4241 woight
591 4184 617 4226 at
627 4177 681 4227 all?
778 4177 874 4227 inrain
885 4178 975 4241 during
986 4194 1050 4242 your
1060 4177 1221 4242 comulship!
1256 4180 1352 4229 &entire

179 4243 344 4293 sonmodoau
359 4243 552 4306 heorsumptus]
588 4246 648 4292 ‘not
667 4242 726 4308 only
775 4243 871 4293 ishere
889 4250 916 4293 to
930 4243 1051 4293 delivera
1067 4244 1199 4293 renuntia:
1218 4258 1258 4306 op.
1279 4243 1350 4294 Fam.

148 4306 356 4359 thesumsvoted
371 4320 437 4354 were
451 4306 583 4367 emended,
600 4307 646 4356 but
664 4322 726 4357 even
776 4307 814 4356 iii.
841 4310 865 4369 8,
887 4312 910 4368 9,
934 4308 982 4371 Ep.
1003 4308 1104 4368 ccxxii„
1128 4310 1149 4355 si
1172 4324 1277 4370 unqrmm
1300 4326 1351 4358 oua

149 4369 727 4437 demmdedbaekandexeetedrromtheagenn
777 4389 848 4421 wissa
881 4375 1010 4435 quidquam
1036 4381 1080 4421 out
1106 4373 1181 4421 renuit
1208 4379 1251 4420 aut
1277 4374 1348 4434 feeit.

149 4436 177 4487 of
185 4437 258 4489 those
269 4434 327 4485 who
338 4434 387 4484 had
398 4435 498 4500 already
510 4442 546 4485 set
553 4436 616 4485 out)
777 4437 862 4487 Cioero
873 4453 957 4487 means
967 4437 1023 4487 that
1030 4437 1126 4502 Appius
1134 4452 1210 4487 naver
1217 4437 1351 4489 askedhim
