2976 5356
508 362 660 429 ooavr.
687 362 803 447 (arr.
835 364 893 430 Vl.
918 365 964 448 a).
1284 367 1347 432 lar

136 536 237 621 valde
252 535 346 602 aiunt
360 536 461 622 queri,
477 536 563 622 quod
578 535 662 601 nihil
677 536 827 622 cuiquam
842 536 1032 602 insidiarum
1047 539 1082 604 in
1096 562 1169 607 mea
1183 540 1348 627 provincia

138 639 208 705 nisi
232 637 296 705 sibi
319 639 386 719 fiat,
413 638 523 725 itaque
549 639 751 706 constituisse
781 641 934 706 dicuntur
959 642 995 707 in
1018 641 1147 709 Cariam
1170 667 1210 710 ex
1237 649 1348 710 nostra

141 741 308 828 provincia
326 743 486 808 decedere.
532 741 597 809 Sed
611 746 721 808 tamen
744 744 855 809 sedulo
878 744 916 809 fit
937 749 970 809 et
991 744 1026 810 in
1046 748 1159 832 primis
1174 770 1194 812 a
1209 747 1345 814 Patisco.

141 844 314 930 Quidquid
336 845 407 924 erit,
424 845 486 912 tibi
508 846 580 926 erit,
603 847 659 911 sed
681 846 760 931 quid
781 850 863 912 esset
877 847 973 932 plane
987 850 1215 915 nesciebamus.
1260 849 1346 916 Mihi

142 948 324 1015 mehercule
343 971 484 1036 magnae
504 971 598 1015 curae
621 954 670 1015 est
688 950 836 1015 aedilitas
857 953 936 1015 tua:
959 952 1027 1036 ipse
1044 952 1112 1017 dies
1128 975 1181 1019 me
1195 955 1346 1020 admone·

142 1050 219 1119 bat:
243 1053 355 1138 scripsi
378 1053 465 1119 enim
489 1053 568 1118 haec
588 1053 667 1139 ipsis
691 1052 944 1139 Megalensibus.
990 1053 1042 1119 Tu
1061 1056 1159 1122 velim
1178 1058 1220 1122 ad
1239 1079 1291 1122 me
1306 1059 1346 1122 de

143 1155 232 1221 omni
246 1156 294 1221 rei
313 1155 460 1242 publicae
481 1160 570 1222 statu
595 1178 693 1241 quam
715 1157 963 1244 diligentissime
982 1158 1175 1244 perscribas:
1199 1183 1238 1226 ea
1258 1161 1346 1226 enim

139 1259 319 1325 certissima
331 1259 462 1346 putabo,
478 1282 560 1346 quae
576 1283 615 1326 ex
629 1264 663 1326 te
676 1283 826 1348 cognoro.

283 1685 432 1755 CCLVI.
478 1686 648 1755 CICERO
671 1687 730 1754 ΤΟ
753 1688 953 1757 ATTICUS
977 1632 1071 1776 (Ain.
1096 1713 1143 1756 vr.
1168 1691 1205 1778 a).

437 1904 469 1946 A.
487 1902 521 1946 u.
538 1903 565 1946 c.
582 1900 650 1955 ⁷043
674 1904 704 1947 a.
722 1903 748 1947 c.
766 1903 817 1960 503
843 1904 917 1948 aar.
935 1904 993 1948 crc.
1010 1903 1052 1950 ee.

188 2070 229 2122 ll.
243 2070 329 2122 Cicero
339 2072 371 2121 ad
381 2071 460 2122 Attici
470 2071 566 2122 litteras
576 2073 713 2137 respondet,
727 2079 753 2123 et
762 2072 869 2137 primum
880 2074 911 2122 de
923 2073 996 2123 Statii
1004 2073 1035 2130 Q.
1047 2073 1132 2124 fratris
1142 2073 1226 2124 liberti
1236 2089 1347 2127 sermone

138 2153 172 2203 ds
186 2152 263 2203 rebus
276 2152 415 2203 domesticis
434 2168 450 2202 a
467 2152 554 2202 Cincio
572 2169 628 2203 cum
642 2153 726 2205 Attico
743 2170 788 2218 per
805 2154 900 2204 litteras
914 2154 1102 2204 communicato.
1137 2155 1202 2205 Dein
1218 2155 1305 2206 scribit
1315 2157 1346 2206 de

138 2232 289 2285 caumate
309 2233 462 2296 Dicaearchi,
484 2234 528 2300 qui
545 2234 733 2298 Peloponnesias
751 2235 863 2285 civitates
882 2251 965 2285 omncs
984 2235 1119 2285 maritimas
1137 2252 1189 2285 osse
1205 2235 1308 2299 dixerat,
1331 2253 1346 2287 a

143 2316 265 2383 Dionysio
277 2317 421 2367 confirmata
431 2323 457 2367 et
467 2317 496 2367 de
507 2316 572 2366 falsa
582 2316 702 2382 analogia,
716 2333 790 2384 quam
803 2317 831 2366 in
841 2317 942 2367 nomine
953 2317 1117 2367 Phliasiorum
1128 2317 1180 2379 ipse
1191 2323 1290 2367 secutus
1301 2318 1343 2379 sit,

137 2398 170 2451 da
179 2398 394 2451 dmnhhatione
409 2397 558 2462 provinciae,
576 2414 626 2462 qua
641 2399 691 2448 iam
707 2397 881 2459 moderatione,
898 2398 1057 2456 continentia,
1070 2397 1165 2448 iustitia
1176 2414 1220 2446 sua
1232 2397 1346 2447 civitates

142 2488 264 2533 ωηο
274 2479 333 2541 sint,
346 2480 376 2529 de
387 2488 483 2543 sperato
498 2480 580 2529 reditu
595 2495 650 2540 auo,
667 2480 698 2528 de
713 2479 785 2529 Bruti
801 2479 906 2543 negotiis
923 2496 978 2529 cum
992 2495 1049 2542 rege
1060 2479 1227 2528 Ariobarzane
1237 2479 1346 2543 itemque

137 2578 198 2614 eam
208 2561 353 2612 Salaminiis
362 2578 407 2625 per
418 2561 543 2625 Scaptium
556 2561 639 2626 gestis,
658 2562 726 2612 addit
742 2562 772 2611 de
783 2560 871 2626 Appio,
889 2576 933 2624 pro
944 2577 993 2624 quo
1004 2576 1030 2610 se
1041 2559 1124 2609 omnia
1134 2559 1169 2608 ait
1181 2561 1207 2608 ia
1218 2559 1346 2622 provincia

140 2642 240 2697 iam:
264 2642 370 2709 denique
391 2641 510 2693 familiari
528 2643 632 2692 aliarum
654 2658 736 2692 rerum
758 2642 993 2703 commemoratione,
1018 2641 1124 2691 maxima
1146 2641 1342 2701 domesticarum,

137 2724 249 2777 absolvit
259 2724 396 2789 epistolam.
433 2722 537 2788 Scripsit
547 2724 682 2774 Laodiceae
691 2723 757 2774 inter
767 2724 892 2775 Kalendae
902 2729 928 2774 ct
939 2723 1023 2773 Nonas
1033 2723 1122 2772 Maias.

557 2904 688 2960 CICERO
706 2904 837 2960 ATTICO
856 2905 932 2959 SAL.

209 3042 238 3106 l.
263 3039 347 3106 Cum
362 3039 566 3126 Philogenes,
582 3040 717 3107 libertus
735 3044 821 3121 tuus,
842 3039 1038 3107 Laodiceam
1058 3041 1099 3105 ad
1114 3063 1166 3107 me
1180 3040 1344 3106 salutandi

137 3166 237 3211 eausa
250 3144 391 3210 venisset
405 3147 436 3209 et
457 3166 490 3208 se
510 3145 621 3209 statim
647 3145 689 3210 ad
708 3150 742 3210 te
763 3145 993 3231 navigaturum
1015 3167 1082 3209 esse
1097 3145 1225 3224 diceret,
1241 3142 1300 3209 has
1315 3144 1346 3208 ei

140 3246 267 3313 litteras
295 3247 389 3312 dedi:
413 3246 530 3332 quibus
555 3249 598 3312 ad
624 3269 678 3313 eas
703 3248 858 3331 rescripsi,
886 3271 965 3333 quas
994 3270 1177 3334 acceperam
1202 3270 1222 3312 a
1247 3246 1345 3313 Bruti

141 3348 321 3417 tabellario.
366 3348 413 3415 Et
427 3348 625 3434 respondebo
644 3350 785 3436 primum
807 3355 986 3437 postremae
1007 3356 1083 3416 tuae
1097 3351 1246 3437 paginae,
1262 3372 1344 3435 quae

140 3451 223 3519 mihi
238 3474 379 3541 magnae
397 3453 561 3519 molestiae
583 3454 658 3531 fuit,
682 3455 768 3539 quod
789 3455 832 3519 ad
853 3460 886 3520 te
908 3454 1062 3540 scriptum
1083 3459 1132 3519 est
1146 3478 1166 3518 a
1181 3454 1292 3519 Cincio
1304 3454 1345 3519 de

140 3552 240 3623 Statii
253 3579 409 3638 sermone,
426 3557 462 3622 in
477 3580 540 3643 qao
560 3556 621 3622 hoo
640 3557 899 3623 molestissimum
919 3561 967 3623 est
982 3556 1124 3623 Statium
1139 3558 1244 3621 dicere
1259 3578 1278 3620 a
1293 3578 1344 3620 me

137 3680 269 3748 quoque
288 3660 324 3726 id
344 3661 512 3726 consilium
526 3659 666 3746 probari.
713 3661 849 3726 Protari
869 3662 1004 3726 autem?
1047 3659 1099 3725 De
1113 3660 1174 3725 istc
1189 3658 1345 3724 hactenus

136 3836 272 3902 according
287 3842 314 3888 to
336 3845 425 3900 repert,
446 3836 568 3900 oonrplain
585 3836 641 3886 that
656 3837 718 3902 they
768 3838 905 3901 appositicn
921 3843 948 3886 to
964 3854 1023 3900 quac
1039 3838 1149 3902 (papiae)
1172 3836 1233 3883 ratiti
1249 3851 1347 3897 macerae

141 3916 184 3953 ara
200 3902 245 3953 the
263 3903 324 3967 only
340 3910 463 3952 creaturas
482 3906 520 3952 scr
536 3902 617 3951 whom
634 3917 718 3951 suares
767 3904 961 3964 ertokstiaesuit,
988 3902 1016 3950 ‘l
1033 3901 1096 3950 shall
1112 3901 1182 3965 reply
1197 3906 1224 3949 to
1240 3899 1282 3949 the
1298 3899 1347 3949 last

137 3966 718 4032 aalaidinmyprovineessabcastasrcgarda
767 3982 838 4032 page,
860 3966 942 4016 which
965 3982 1027 4030 garo
1048 3982 1087 4015 rac
1108 3971 1178 4028 grem
1197 3980 1309 4027 concern,
1332 3964 1346 4013 I

140 4030 230 4095 thsup
245 4030 251 4042 ‘
269 4030 715 4091 htcessoiCioero’sadministration,
767 4048 840 4081 mean
861 4031 904 4081 the
934 4038 1039 4080 account
1069 4030 1169 4079 Cincius
1191 4036 1267 4079 wrctc
1295 4044 1344 4093 you

138 4096 192 4145 aad
201 4111 217 4146 a
227 4046 332 4145 diliana
347 4096 499 4146 insinuation
515 4104 542 4146 tc
554 4094 652 4146 Caelius
663 4095 718 4145 that
768 4097 844 4146 about
859 4096 899 4145 hia
915 4095 1085 4145 conversation
1102 4095 1164 4144 with
1182 4092 1293 4143 Statius)

140 4158 569 4224 lraandhispanthcrsareabcre.
801 4159 937 4225 remittam]
972 4159 1002 4216 Q.
1033 4160 1141 4209 Ciccrc's
1169 4158 1292 4207 intention
1320 4164 1347 4207 to

174 4225 363 4291 Equestribus]
371 4225 423 4275 The
431 4226 531 4276 festival
539 4222 716 4287 oftthagna
769 4226 867 4275 divorce
883 4226 1026 4287 Pomponia,
1044 4223 1127 4273 which
1142 4223 1175 4273 hc
1192 4223 1287 4273 carried
1302 4230 1346 4272 out

141 4288 233 4353 later,
247 4289 306 4340 held
315 4290 356 4341 for
367 4307 442 4341 seven
453 4292 521 4357 days,
534 4291 607 4355 April
619 4293 693 4339 s-lo.
767 4292 817 4341 flvo
828 4306 900 4355 years
911 4290 984 4338 after.

799 4353 998 4419 Protcrtaatem]
1017 4352 1101 4403 Seeon
1108 4352 1161 4401 att.
1171 4368 1196 4400 v.
1210 4355 1249 4411 13,
1263 4354 1285 4413 3,
1296 4350 1344 4414 Ep.

175 4422 198 4471 l.
212 4420 277 4483 qaod
284 4420 319 4470 ad
329 4419 363 4487 ts]
380 4418 442 4469 'l'his
455 4426 568 4472 watenes
579 4419 601 4472 is
611 4418 639 4471 in
650 4418 718 4471 loose
766 4419 841 4481 cciii,
852 4419 903 4469 aad
913 4434 952 4483 cp.
965 4417 976 4482 t
988 4422 1003 4468 8
1015 4418 1043 4469 cf
1052 4418 1103 4468 this
1113 4418 1194 4468 letter.
1224 4416 1278 4467 The
1290 4416 1346 4467 rhe-
