2976 5356
505 351 658 420 court.
683 352 804 437 (rari
828 353 902 418 111.
926 355 993 438 ιο).
1286 353 1352 417 203

132 525 286 613 denique
306 525 364 592 ille
383 525 550 607 facilitate,
574 549 639 612 qua
660 525 864 592 humanitate
885 526 964 592 tulit
985 525 1225 592 contentionem
1247 547 1354 591 meam

138 650 204 717 pro
229 628 368 711 Milone,
394 631 617 695 adversantem
642 628 807 696 interdum
833 628 1014 697 actionibus
1037 629 1128 695 suis?
1158 650 1222 714 quo
1247 629 1355 695 studio

140 731 289 819 providit
311 755 354 799 ne
377 754 461 819 quae
489 754 542 798 me
563 731 652 799 illius
673 733 827 818 temporis
850 733 975 799 invidia
998 732 1183 819 attingeret,
1207 754 1282 798 oum
1302 754 1356 798 me

138 835 289 916 oonsilio,
311 857 386 902 oum
404 835 605 916 austeritate,
628 858 702 902 eum
724 836 822 901 armis
837 836 975 923 denique
990 836 1073 902 texit
1088 835 1182 900 suis?
1227 835 1355 907 Quibus

136 939 279 1024 quidem
299 938 499 1026 temporibus
521 939 600 1005 haeo
616 939 652 1004 in
672 961 711 1006 eo
731 940 884 1026 gravitas,
904 938 982 1005 haee
1005 939 1107 1005 animi
1122 938 1262 1004 altitudo
1278 938 1353 1019 fuit,

143 1064 212 1109 non
226 1043 324 1110 modo
337 1048 375 1109 ut
389 1042 517 1130 Phrygi
538 1043 634 1109 alieni
655 1046 714 1109 aut
727 1041 885 1127 Lyoaoni,
902 1044 989 1128 quod
1002 1045 1041 1108 tu
1054 1043 1090 1107 in
1105 1041 1222 1128 legatis
1236 1041 1353 1122 lesisti,

138 1147 202 1213 aad
216 1168 259 1213 ne
273 1168 474 1213 summorum
493 1146 623 1231 quidem
645 1146 815 1212 hominum
835 1145 1002 1211 malevolis
1023 1146 1064 1211 de
1083 1167 1136 1211 me
1155 1143 1354 1211 sermonibus

139 1249 297 1316 erederet.
342 1248 455 1316 Huius
476 1249 579 1336 igitur
600 1249 687 1316 filius
709 1272 784 1316 oum
805 1248 847 1314 sit
870 1270 970 1335 gener
984 1252 1060 1314 tuus
1075 1270 1212 1334 eumque
1226 1252 1355 1334 praeter

142 1350 230 1419 bano
245 1353 503 1419 ooniunotionem
522 1352 701 1420 adfinitatis
716 1374 814 1438 quam
829 1353 872 1418 sis
886 1352 946 1418 On.
963 1351 1118 1438 Pompeio
1133 1374 1226 1417 oarus
1241 1375 1353 1438 quam-

136 1478 210 1543 que
228 1456 392 1523 ineundus
416 1456 617 1543 intellegam,
642 1478 707 1543 quo
730 1456 864 1522 tandem
889 1455 998 1521 animo
1019 1454 1055 1520 in
1076 1459 1109 1521 te
1136 1477 1203 1520 esse
1225 1454 1354 1521 debeo?

140 1581 220 1627 oum
232 1559 423 1647 praesertim
436 1581 491 1626 eas
509 1560 552 1626 ad
566 1582 618 1627 me
637 1560 666 1626 is
687 1560 813 1627 litteras
832 1558 966 1637 miserit,
983 1557 1109 1645 quibus,
1125 1559 1224 1624 etiam
1238 1558 1266 1624 si
1281 1558 1353 1640 tibi,

137 1662 199 1731 oui
212 1684 286 1731 sum
300 1662 521 1742 amisissimus,
537 1662 638 1729 hostis
653 1686 764 1744 essem,
779 1663 922 1750 plaoarer
936 1667 1047 1728 tamen
1061 1667 1230 1746 totumque
1244 1684 1296 1728 me
1311 1663 1355 1728 ad

140 1767 215 1834 aius
236 1766 301 1833 viri
328 1766 377 1833 ita
405 1768 445 1833 de
468 1788 521 1833 me
549 1766 657 1833 meriti
686 1768 888 1833 voluntatem
917 1769 1098 1851 nutumque
1124 1769 1352 1833 eonverterem.

143 1872 199 1936 11.
220 1868 288 1937 Sed
301 1868 381 1937 haee
393 1868 566 1936 haetenus:
590 1868 737 1956 pluribus
759 1870 847 1936 enim
869 1870 968 1936 etiam
985 1869 1121 1936 fortasse
1134 1867 1241 1934 verbis
1255 1891 1354 1954 quam

142 1995 273 2041 neeesse
286 1972 354 2039 fuit
367 1973 486 2059 seripta
500 1976 586 2040 sunt.
632 1973 732 2040 Nune
755 1996 803 2052 ea,
827 1995 909 2059 quae
931 1996 952 2038 a
967 1996 1019 2038 me
1042 1972 1188 2059 profesta
1207 1995 1355 2058 quaeque

141 2075 298 2145 instituta
311 2079 399 2156 sunt,
415 2098 569 2162 eognosoe
623 2124 1353 2142 ..............

143 2227 154 2246 .
191 2230 200 2247 .
237 2227 248 2246 .
294 2228 303 2245 .
349 2229 356 2245 .
405 2228 413 2244 .
451 2180 563 2266 Atque
574 2180 653 2246 heeo
667 2181 795 2266 agimus
810 2184 843 2245 et
857 2200 992 2265 agemus
1005 2179 1111 2264 magis
1125 2200 1183 2265 pro
1193 2178 1355 2264 dignitate

137 2304 245 2371 quam
257 2304 318 2370 pro
337 2282 479 2368 perieulo
501 2286 567 2349 tuo.
613 2281 662 2349 Te
683 2282 781 2363 enim,
804 2287 843 2348 ut
864 2304 966 2368 spero,
985 2282 1172 2369 propediem
1193 2303 1355 2347 sensorem

143 2386 338 2453 audiemus:
357 2385 448 2452 errius
461 2386 672 2473 magistratus
687 2385 799 2465 oldaia,
815 2408 898 2471 quae
912 2390 989 2451 sunt
1000 2385 1136 2451 maximi
1150 2384 1253 2451 animi
1267 2407 1353 2450 sum-

140 2489 256 2576 mique
277 2488 413 2569 oonsilii,
434 2487 495 2555 tibi
517 2489 708 2577 diligentius
729 2493 763 2556 et
784 2489 964 2556 assuratius
982 2512 1081 2575 quam
1094 2488 1183 2569 haee,
1199 2510 1282 2575 quae
1295 2511 1355 2555 nos

137 2594 187 2661 de
199 2597 236 2661 te
249 2593 388 2680 agimus,
404 2593 577 2679 oogitanda
591 2615 658 2659 osae
673 2614 795 2659 oenseo.

142 2788 326 2841 eiroummoe
350 2787 406 2838 that
427 2788 471 2839 tbe
492 2789 573 2839 words
593 2789 725 2854 amathim)
778 2787 1081 2851 Translate-‘thaphua
1092 2787 1174 2837 which
1191 2786 1206 2837 1
1224 2787 1290 2838 haus
1305 2787 1353 2838 ori·

137 2852 726 2917 -nuvoremntogetherintoonewordoma-
778 2853 986 2918 ginatedandsot
1001 2868 1034 2902 on
1047 2852 1120 2902 foot’
1155 2852 1209 2902 The
1227 2868 1351 2903 sommen-

143 2920 198 2980 (ἐκ,
214 2933 232 2968 a
246 2917 348 2968 method
362 2918 390 2968 oi
403 2917 505 2983 writing
521 2917 564 2969 the
579 2919 728 2982 superlative
776 2926 854 2968 tatem
878 2933 983 2982 suppose
1009 2917 1065 2967 that
1093 2917 1137 2968 the
1166 2923 1298 2967 statement
1325 2918 1354 2968 oi

135 2981 566 3046 ·01tenfonndinl1(cp.xi.4,2;
583 3000 625 3032 xv.
639 2985 725 3049 10,1).
778 2982 887 3033 Cieem's
925 2982 979 3032 lans
1001 2999 1053 3031 was
1071 2984 1204 3047 purposely
1221 2984 1353 3047 expunged

171 3045 315 3113 [adnata]
352 3048 500 3112 ‘oourtesy.'
776 2999 999 3098 whentheletters
1013 3063 1078 3097 arere
1094 3047 1169 3111 being
1182 3048 1300 3111 prepared
1312 3048 1354 3098 for

176 3110 335 3177 marmorum]
356 3111 463 3162 Plancus
472 3111 725 3168 BursaandQ.Pom·
775 3111 936 3176 publication.

141 3176 376 3292 sensns
391 3176 726 3292 telesini-l
775 3176 1354 3290 ,stultitiarum

137 3306 267 3421 made
282 3304 326 3355 the
341 3257 427 3369 people
444 3278 500 3355 sliat
511 3258 638 3355 Milovhnd
648 3305 725 3356 killed
775 3248 1005 3370 highffiiss
1021 3307 1070 3355 and
1087 3305 1131 3355 the
1144 3257 1351 3369 sghndbstgriatidg·

210 3369 408 3421 'mattheinsti
439 3370 493 3420 tion
503 3370 532 3420 oi
542 3370 637 3420 Cicero.
774 3376 852 3431 ment,
866 3369 1134 3434 Ithinkwillrequire
1146 3386 1212 3420 more
1231 3369 1352 3420 amative

179 3439 221 3485 11.
235 3435 362 3510 prosecta]
393 3435 413 3484 Τ
434 3435 440 3446 “
475 3434 497 3485 is
519 3434 562 3485 tho
579 3434 680 3500 reading
696 3435 724 3485 of
774 3435 823 3484 and
834 3434 929 3484 oareful
941 3433 1120 3485 consideration
1144 3434 1206 3484 than
1221 3450 1271 3499 you
1289 3435 1352 3484 have

142 3505 212 3550 most
222 3514 279 3563 uss,
292 3499 342 3548 and
355 3504 376 3549 rt
389 3499 410 3550 is
426 3500 481 3550 best
495 3506 521 3549 to
537 3498 617 3550 retain
627 3499 662 3549 it:
682 3515 721 3564 op.
773 3499 860 3549 shown
871 3499 977 3549 towards
986 3499 1030 3549 the
1041 3506 1131 3549 matter
1147 3499 1174 3549 in
1185 3499 1298 3564 question
1309 3498 1352 3548 be·

140 3562 219 3615 Pam.
236 3563 267 3614 ii.
286 3566 326 3625 19,
346 3567 370 3625 2,
388 3564 436 3628 Ep.
456 3562 548 3626 cclxii„
568 3580 723 3628 quaecumque
773 3570 855 3614 tween
864 3564 1055 3629 usatpresent.’
1091 3563 1352 3627 'lhisisadelightful

136 3630 171 3679 -s'n
188 3644 227 3679 aaa
243 3635 384 3679 rasamenta
401 3631 428 3678 ia
441 3634 462 3678 ts
469 3631 662 3693 permiscentur,
676 3630 720 3680 tro.
773 3628 946 3694 pertingebat.
