2976 5356
527 392 650 461 sorr.
679 393 796 478 (aar.
828 394 865 461 V.
890 394 960 477 ra).
1304 397 1345 462 51

138 564 315 653 Philogeni
328 565 575 652 permutationis
590 565 668 646 eius,
684 587 782 651 quam
804 570 912 631 teoum
931 566 1004 646 lesi,
1021 567 1118 633 edidi.
1165 567 1255 655 Ergo
1270 568 1349 635 haee

137 691 265 755 qnoque
279 668 445 734 haetenus.
491 671 524 734 3.
548 668 660 735 Redeo
681 670 723 734 ad
746 667 880 735 urbana.
919 668 984 735 Per
1003 670 1169 736 fortunas!
1194 671 1349 757 quoniam

140 772 264 839 Romae
278 795 401 853 manes,
415 773 559 859 primum
577 773 661 839 illud
682 773 840 859 praefulci
855 777 952 859 atque
971 775 1152 860 praemuni,
1168 797 1296 860 quaeso,
1311 780 1350 841 ut

139 877 238 943 simus
250 876 364 955 annui,
374 899 414 941 ne
425 877 635 943 intercaletur
646 879 787 963 quidem.
811 876 940 942 Deinde
951 876 1086 942 exhauri
1100 899 1172 943 mea
1183 880 1349 959 mandata,

139 980 355 1066 maximeque,
370 980 398 1044 si
413 981 492 1066 quid
506 984 622 1066 potest,
638 982 678 1046 de
700 980 757 1046 illo
773 980 947 1046 domestico
963 981 1149 1066 scrupulum
1172 1004 1268 1067 quem
1282 1004 1350 1047 non

139 1083 281 1170 ignoras,
296 1083 372 1147 dein
387 1083 428 1148 de
444 1082 596 1148 (lassaret
621 1084 711 1149 ouius
725 1084 761 1148 in
781 1084 991 1169 eupiditatem
1004 1088 1038 1150 te
1058 1090 1186 1150 auctore
1205 1085 1349 1164 ineubni,

140 1208 197 1252 nee
211 1209 266 1251 me
291 1186 392 1273 piget.
438 1184 495 1265 Et,
512 1186 540 1251 si
564 1187 728 1274 intellegis
754 1210 853 1273 quam
879 1210 988 1253 meum
1014 1188 1057 1253 sit
1082 1188 1161 1254 seire
1184 1192 1217 1253 et
1239 1211 1350 1254 aurare

139 1291 218 1376 quid
232 1290 269 1355 in
283 1312 320 1355 re
330 1289 460 1376 publiea
471 1290 630 1356 fiat-liat
644 1292 781 1356 autem?
803 1291 903 1356 immo
913 1312 989 1358 vero
1000 1291 1099 1356 etiam
1108 1292 1187 1376 quid
1202 1291 1350 1357 futurum

142 1392 189 1472 sit,
203 1393 368 1479 preseribe
390 1395 433 1459 ad
452 1416 504 1460 me
523 1393 642 1472 omnia,
659 1396 715 1460 sed
738 1394 994 1481 diligentissime,
1018 1395 1053 1459 in
1075 1395 1251 1481 primisque
1270 1419 1350 1463 num

142 1496 218 1581 quid
239 1496 436 1562 iudiciorum
450 1501 554 1562 status
568 1500 627 1563 aut
648 1497 808 1563 tastonam
823 1502 880 1563 aut
901 1497 1087 1565 futurorum
1101 1499 1200 1564 stiam
1213 1498 1348 1565 laboret.

143 1597 190 1667 De
203 1622 301 1687 aqua,
317 1599 345 1666 si
360 1623 456 1666 aurae
470 1605 529 1679 est,
548 1601 575 1666 si
590 1600 669 1686 quid
684 1600 856 1687 Philippus
871 1605 956 1688 aget,
972 1602 1217 1667 animadvertes.

391 1917 508 1986 cclv.
559 1918 617 1986 TO
639 1918 842 1987 ATTIOUS
866 1921 961 2004 (Am.
987 1943 1019 1984 v.
1047 1922 1099 2006 14).

436 2114 468 2157 A.
486 2113 520 2157 U.
537 2113 564 2156 C·
582 2110 651 2165 5033
675 2114 706 2156 B.
724 2112 750 2156 0.
768 2112 819 2163 51;
845 2112 920 2155 ΑΕΤ.
938 2113 996 2155 Cic.
1014 2111 1056 2157 55.

184 2260 223 2311 ld.
236 2260 326 2311 Cicero
337 2260 421 2310 Attico
431 2276 458 2310 so
468 2259 567 2324 Epheso
578 2260 674 2311 Tralles
685 2261 824 2325 pervenisse
838 2260 931 2322 scribit,
946 2263 975 2310 do
986 2260 1120 2324 provincia,
1133 2260 1161 2309 in
1172 2277 1221 2324 <pta
1232 2277 1258 2310 se
1269 2268 1352 2324 sperat

144 2341 191 2393 loia
207 2343 266 2393 Kal.
287 2342 368 2401 Sext,
386 2341 463 2392 bonos
473 2342 575 2393 nuntios
591 2358 618 2393 se
634 2342 763 2406 accepisse,
780 2343 810 2391 de
825 2342 934 2392 adventu
950 2357 995 2390 suo
1011 2341 1037 2389 in
1054 2343 1139 2391 Asiam
1154 2350 1179 2391 et
1195 2342 1313 2392 derebus
1324 2343 1352 2392 in

143 2424 266 2487 provincia
276 2423 400 2487 gerendis,
414 2423 445 2472 de
455 2423 569 2474 omnibus
583 2424 657 2474 rebus
670 2423 770 2474 urbanis
786 2424 818 2473 ab
834 2422 919 2472 Attico
929 2423 985 2472 vult
1000 2422 1089 2472 certior
1099 2422 1154 2472 fieri
1164 2439 1258 2486 suaque
1268 2425 1352 2475 omnia

143 2505 339 2557 eioommendat.
375 2504 478 2568 Scripsit
488 2505 621 2556 Trallibus.

557 2668 688 2724 CICERO
706 2667 837 2723 ATTICO
857 2668 934 2722 SAL.

205 2812 237 2875 1.
260 2808 352 2874 Ante
367 2831 465 2894 quam
480 2809 588 2894 aliquo
610 2809 679 2874 loeo
694 2809 876 2889 eonsedero,
891 2831 995 2894 neque
1016 2809 1131 2895 longas
1146 2833 1166 2875 a
1180 2834 1232 2876 me
1246 2833 1351 2896 neque

141 2930 266 3000 semper
279 2934 353 2977 mea
366 2933 467 2977 manu
487 2911 613 2977 litteras
634 2912 842 2997 exspectabis.
890 2910 972 2978 (lum
994 2918 1103 2978 autem
1118 2914 1180 2979 erit
1199 2913 1350 3000 spatium,

165 3065 370 3130 permutationis]
406 3064 435 3113 ‘I
447 3064 581 3114 submitted
592 3072 619 3114 to
634 3064 718 3115 Philo·
802 3083 872 3128 oseam
883 3083 958 3114 rnercm
969 3067 1014 3131 sit]
1033 3072 1039 3095 ⁴
1049 3067 1139 3116 whata
1149 3066 1248 3130 passion
1260 3067 1274 3117 I
1285 3068 1350 3118 have

139 3146 214 3197 ganas
224 3131 269 3180 the
280 3136 385 3180 aaeount
402 3129 430 3178 of
444 3129 487 3178 the
498 3145 553 3179 sum
570 3129 583 3178 1
601 3137 644 3193 got
654 3129 719 3180 imm
769 3130 810 3179 for
821 3130 938 3194 knowing
952 3131 1100 3196 everything
1111 3132 1166 3180 that
1176 3132 1198 3181 is
1208 3132 1351 3197 happening

139 3211 190 3261 yon
200 3196 237 3260 by
247 3193 403 3260 negotiating
413 3210 428 3243 a
439 3194 484 3243 bill
494 3194 522 3242 of
532 3194 676 3258 axohange'
769 3195 945 3259 -happening
966 3197 997 3245 do
1019 3196 1033 3245 1
1056 3198 1120 3260 say?
1145 3212 1204 3260 nay,
1225 3197 1301 3247 about
1322 3204 1349 3247 to

171 3264 196 3311 3.
216 3266 245 3308 st
260 3262 336 3309 simas
349 3258 438 3324 annai]
472 3259 573 3308 Instead
587 3259 615 3308 ol
631 3259 720 3324 saping
770 3259 1098 3323 huppen-inpubliolife.'
1132 3260 1205 3310 With
1218 3269 1296 3310 erstem
1311 3279 1350 3325 cp.

141 3325 352 3376 ‘thstorrrollloe
362 3341 420 3389 may
431 3324 490 3388 only
501 3323 550 3373 last
563 3324 630 3374 lora
658 3325 717 3381 ear,’
767 3327 868 3386 probari
885 3333 972 3385 auara,
990 3326 1045 3373 Ata.
1060 3325 1133 3384 vit,
1149 3330 1171 3386 1,
1190 3325 1238 3388 Ep.
1256 3326 1347 3387 colvi.;

139 3389 402 3453 heearelesslywrites
415 3389 485 3439 ‘that
493 3406 531 3438 we
539 3405 597 3455 may
605 3341 665 3455 only
674 3391 722 3440 last
764 3391 879 3454 fecissent
901 3397 988 3448 autem,
1012 3388 1072 3439 ibid.
1097 3392 1127 3449 8;
1149 3395 1233 3439 'sueram
1260 3399 1347 3454 arsula,

138 3454 297 3519 forsyear!
770 3455 841 3504 Fam.
855 3454 872 3504 i.
886 3458 910 3515 9,
925 3457 964 3515 10,
980 3454 1028 3517 Ep.
1044 3454 1103 3503 oliii.
1138 3454 1192 3503 Tho
1209 3457 1351 3518 expression

171 3517 325 3584 scrupalum]
360 3534 395 3568 se.
417 3521 486 3568 tolle:
510 3535 549 3582 ap.
573 3518 607 3578 12,
631 3535 655 3582 p.
679 3521 719 3579 70,
771 3520 792 3568 is
803 3535 915 3568 sommon
926 3519 953 3569 in
963 3519 1007 3569 the
1018 3520 1095 3568 comio
1106 3520 1198 3568 drama.

141 3583 248 3634 ‘aian’
278 3581 627 3633 Somehitahseemstohave
641 3584 722 3633 arisan
803 3587 933 3647 ssrsrnquid.
946 3621 952 3634 .
965 3583 1080 3649 ‚taboret]
1096 3584 1349 3634 ‘whetherthotrials

139 3648 167 3698 in
188 3648 235 3699 the
250 3654 435 3711 armngsments
456 3648 532 3697 about
551 3648 657 3697 Tullia's
675 3649 719 3698 be·
770 3664 812 3697 are
823 3649 942 3713 breaking
952 3650 1025 3698 down
1041 3655 1067 3698 at
1078 3649 1127 3698 all!
1163 3650 1209 3698 Soa
1220 3648 1256 3708 1²,
1268 3667 1293 3713 p.
1307 3654 1348 3699 62.

138 3712 242 3764 trothal·
277 3711 332 3761 The
346 3728 414 3762 sams
429 3719 519 3762 matter
534 3712 556 3762 is
572 3714 679 3762 referred
695 3720 721 3763 to
796 3715 931 3779 factorum]
944 3721 1014 3777 ‘past
1024 3730 1052 3763 or
1062 3714 1312 3776 luture’:op.oxviii.
1324 3718 1346 3763 2.

137 3794 168 3827 as
189 3779 255 3826 illud
280 3776 418 3841 ἐνδόμυχον
445 3777 472 3825 in
493 3776 537 3826 the
559 3783 619 3826 nort
639 3778 719 3827 letter.
804 3782 825 3826 si
848 3795 917 3828 aerae
939 3778 987 3844 est]
1031 3780 1057 3827 lt
1078 3779 1099 3826 is
1121 3786 1220 3843 strange
1241 3780 1297 3828 that
1317 3779 1349 3829 he

140 3842 252 3905 Perhaps
267 3840 311 3891 the
327 3841 409 3891 Greek
419 3842 488 3891 word
503 3842 591 3891 should
606 3844 678 3892 stand
694 3843 721 3892 in
771 3843 859 3892 should
870 3858 914 3908 say
929 3843 966 3892 ‘if
976 3859 1026 3907 you
1037 3843 1087 3893 feel
1098 3860 1148 3908 any
1159 3843 1262 3893 interest
1271 3844 1350 3894 intha

139 3906 202 3958 both
217 3907 309 3971 places.
344 3906 398 3956 The
415 3906 489 3956 Latin
504 3908 573 3955 word
588 3923 646 3972 may
657 3907 721 3957 have
770 3908 879 3967 mattar‚'
897 3924 925 3957 or
944 3908 981 3957 ‘it
997 3924 1046 3973 you
1063 3925 1104 3956 are
1120 3908 1249 3972 attending
1264 3915 1291 3958 to
1307 3909 1350 3958 the

138 3972 203 4023 hm
221 3988 238 4020 a
256 3971 332 4035 gloss.
368 3971 401 4021 So
420 3971 602 4033 παράπηγμα
624 3973 719 4022 eraso·
770 3973 877 4033 matter‚'
901 3972 996 4036 having
1017 3974 1094 4036 urged
1115 3973 1168 4021 him
1189 3973 1217 4021 in
1238 3973 1281 4023 tho
1302 3974 1352 4024 last

137 4036 239 4088 castis
249 4035 339 4096 found,
352 4037 406 4086 aa.
420 4053 445 4085 v.
461 4041 499 4095 14,
514 4041 536 4095 1,
550 4036 597 4098 Ep.
611 4036 683 4096 oeiv,
694 4037 721 4085 in
770 4038 844 4087 letter
853 4044 880 4087 to
890 4038 960 4088 show
970 4037 1010 4087 his
1021 4037 1091 4086 usual
1103 4037 1224 4101 assiduity
1238 4037 1274 4087 ‘it
1285 4054 1348 4103 any-

137 4100 240 4167 exsetly
249 4100 294 4151 the
307 4116 375 4150 same
391 4116 500 4150 senseas
516 4104 609 4149 etaeam
624 4101 721 4150 anniin
771 4101 844 4166 thing
860 4118 906 4152 ean
923 4104 953 4152 be
970 4101 1049 4151 dona*
1084 4101 1193 4164 Perhaps
1209 4117 1247 4151 we
1262 4102 1351 4153 should

137 4182 165 4217 v.
178 4167 219 4227 15,
235 4170 258 4227 l,
271 4166 321 4229 Ep.
333 4164 406 4215 corii
771 4167 838 4228 read,
851 4183 878 4217 as
891 4167 954 4217 Boot
964 4172 1084 4230 suggests,
1103 4168 1141 4214 Ile
1151 4182 1213 4229 aqua
1225 4168 1270 4215 tibi
1281 4183 1351 4217 curae

170 4230 359 4296 musiacas]
393 4228 490 4280 Hehas
503 4229 590 4280 hinted
601 4229 721 4279 thatAtt.
772 4238 828 4281 oste.
864 4232 930 4288 Quid
940 4233 1068 4292 Philippus
1079 4237 1136 4292 apat
1146 4234 1328 4282 anirrsadoertss.

137 4295 430 4361 hsdnrgedhimtopa
457 4294 574 4345 hisdebt
609 4295 721 4345 Henow

136 4378 204 4423 aava,
225 4362 265 4411 ‘it
275 4376 329 4409 was
339 4374 391 4424 you
400 4311 633 4424 wiour'gedmeto
695 4365 722 4409 to
807 4365 829 4410 l.
847 4359 977 4426 retrudere]
1000 4360 1088 4410 ‘settle
1107 4361 1205 4410 down':
1227 4365 1352 4411 constitere

136 4442 187 4493 pay
197 4426 250 4478 this
260 4425 330 4485 debt,
340 4425 389 4474 sud
398 4423 412 4473 I
421 4440 461 4473 sm
472 4432 517 4475 not
526 4440 653 4490 sorryyou
678 4424 720 4475 'd.’
771 4425 793 4475 is
804 4426 864 4476 used
874 4425 902 4475 in
912 4424 955 4475 the
966 4440 1032 4475 same
1042 4440 1112 4475 sense
1122 4424 1150 4475 in
1160 4424 1210 4490 Ep.
1223 4426 1277 4478 ocii.
1284 4431 1335 4491 sta.

1174 4504 1228 4559 Μ
