2976 5356
509 364 673 431 οσιιιιι.
699 364 821 450 (nnn.
844 364 918 428 111.
944 366 986 446 a).
1308 362 1348 426 ιι

140 537 302 604 Bibulum
324 559 458 624 procos,
475 536 532 625 qui
551 537 676 604 circiter
697 536 778 602 Idus
800 537 938 603 Sextiles
953 537 994 602 ab
1017 536 1147 622 Epheso
1162 537 1197 602 in
1220 535 1350 621 Syriam

140 642 280 708 navibus
304 642 468 728 proiectus
493 647 572 721 erat,
595 642 681 727 quod
704 642 859 706 secundos
881 646 994 706 ventos
1019 640 1193 721 habuisset,
1218 640 1285 705 iam
1314 640 1349 704 in

139 747 342 832 provinciam
357 768 449 811 suam
470 745 661 832 pervenisse,
677 745 768 811 cuius
781 745 898 810 litteris
913 746 1022 810 omnia
1037 747 1171 811 certiora
1189 745 1350 830 perlatum

139 851 181 915 iri
195 851 241 915 ad
255 854 407 915 senatum
421 850 588 937 putabam.
634 848 730 929 Mihi,
745 854 783 914 ut
797 849 833 913 in
848 848 917 913 eius
932 849 1021 913 modi
1035 872 1070 914 re
1086 854 1240 933 tantoque
1254 845 1350 923 bello,

138 954 305 1019 maximae
319 976 413 1020 curae
437 960 486 1020 est
505 958 553 1034 nt,
569 977 651 1040 quae
667 953 767 1039 copiis
782 957 815 1019 et
839 952 953 1039 opibus
975 957 1084 1018 tenere
1100 954 1155 1016 vix
1173 971 1350 1036 possumus,

138 1075 178 1118 ca
187 1054 441 1120 mansuetudine
451 1059 485 1120 ct
496 1053 695 1119 continentia
705 1056 827 1132 nostra,
837 1052 994 1118 sociorum
1006 1053 1161 1117 fidelitate
1173 1056 1349 1117 teneamus.

137 1156 193 1224 Tu
201 1157 315 1237 velim,
330 1161 369 1223 ut
379 1159 548 1238 consuesti,
563 1179 623 1223 nos
637 1155 785 1222 absentes
799 1155 919 1242 diligas
933 1159 966 1221 et
979 1155 1144 1220 defendas.

136 1578 306 1647 ccxm.
366 1577 536 1647 CICERO
560 1578 618 1644 TO
640 1576 815 1644 APPIUs
843 1575 1087 1642 CLAUDIUS
1110 1574 1350 1654 PULOHER,

514 1707 557 1749 nr
579 1683 714 1750 Tarsus
737 1682 839 1769 (Fan.
865 1704 917 1746 111.
943 1687 979 1757 sl.

279 1885 371 1929 PBH).
388 1885 468 1929 Rae.
485 1886 588 1945 sm,
603 1887 635 1930 A·
652 1886 685 1929 U.
703 1885 731 1928 C.
749 1883 819 1943 7033
843 1885 872 1927 B.
891 1884 918 1926 C.
935 1882 985 1941 513
1010 1884 1084 1926 AE'l'.
1101 1883 1160 1927 clc.
1177 1883 1218 1928 55.

187 2053 274 2117 Aegra
284 2068 310 2102 se
320 2051 408 2101 tulisse
418 2052 503 2102 scribit
516 2051 553 2101 M.
567 2052 659 2113 Cicero,
673 2053 739 2117 quod
752 2052 817 2115 App.
831 2050 939 2102 Pulcher
952 2051 1001 2101 sibi
1014 2050 1176 2100 conveniendi
1188 2049 1228 2099 sui
1258 2056 1349 2101 otasta·

137 2138 191 2184 ίαιι
201 2134 315 2184 nondum
326 2133 434 2194 fecisset,
447 2149 475 2183 ac
486 2134 549 2197 petit
559 2138 588 2183 ut
598 2133 680 2183 locum
691 2132 824 2183 constituat
836 2148 885 2197 quo
896 2132 1026 2182 convenire
1038 2132 1139 2195 possint.

480 2331 518 2385 hl.
538 2329 669 2386 CICERO
689 2331 715 2385 S.
735 2330 770 2385 D.
791 2329 848 2383 ΑΡ.
869 2330 1021 2385 PULCRO.

185 2454 217 2519 1.
243 2452 328 2519 Gum
352 2476 461 2520 meum
482 2455 604 2519 factum
619 2476 691 2518 cum
706 2457 763 2519 tuo
789 2475 949 2537 comparo,
973 2453 1032 2519 etsi
1052 2476 1118 2518 non
1141 2454 1246 2540 magis
1269 2451 1351 2519 mihi

139 2556 236 2624 faveo
252 2556 289 2621 in
304 2561 414 2622 nostra
428 2557 569 2622 amicitia
583 2558 707 2622 tuenda
718 2556 816 2642 quam
830 2556 902 2635 tibi,
918 2560 1027 2621 tamen
1042 2558 1144 2622 multo
1160 2556 1264 2643 magis
1278 2579 1351 2622 meo

141 2660 229 2727 tacte
244 2661 386 2747 delector
400 2683 497 2746 quam
512 2665 578 2727 tuo.
624 2661 699 2747 Ego
714 2660 801 2727 enim
816 2659 986 2725 Brundisii
1008 2661 1150 2745 quaesivi
1166 2684 1205 2744 ex
1224 2660 1352 2725 Phania

144 2764 249 2849 (cuius
272 2764 356 2829 mihi
381 2764 514 2830 videbar
536 2768 569 2830 et
593 2765 783 2829 fidelitatem
807 2786 885 2851 erga
913 2770 951 2829 te.
972 2761 1168 2850 perspexisse
1198 2768 1231 2829 et
1259 2787 1352 2830 nosse

141 2866 261 2947 locum,
291 2890 387 2953 quem
412 2869 500 2954 apud
528 2872 561 2934 te
586 2868 615 2932 is
643 2868 793 2952 teneret),
824 2890 922 2952 quam
952 2868 986 2931 in
1013 2872 1138 2953 partem
1168 2868 1351 2953 provinciae

142 2972 284 3037 mamma
300 2977 429 3057 putaret
443 2976 476 3038 te
490 2972 573 3038 velle
587 2971 674 3037 utin
690 2971 887 3036 succedendo
907 2971 1048 3055 primum
1068 2971 1221 3037 venirem.
1267 2969 1351 3037 Cum

143 3075 198 3141 ille
211 3076 297 3141 mihi
310 3077 526 3161 respondisset
541 3076 624 3141 nihil
640 3098 692 3140 me
707 3074 768 3140 tibi
783 3075 909 3160 gratius
931 3074 1035 3139 facere
1049 3096 1139 3159 posse
1154 3098 1252 3160 quam
1267 3075 1294 3141 si
1309 3077 1352 3141 ad

143 3178 258 3245 Sidam
280 3180 495 3265 navigassem,
513 3180 572 3244 etsi
595 3179 703 3243 minus
718 3178 890 3264 dignitatis
907 3176 1048 3242 habebat
1069 3179 1124 3244 ille
1143 3181 1301 3244 adventus
1318 3183 1352 3245 et

143 3283 185 3349 ad
208 3281 331 3348 multas
356 3304 407 3347 res
430 3282 512 3347 mihi
537 3283 646 3348 minus
669 3287 738 3348 erat
764 3285 869 3366 aptus,
893 3285 1004 3346 tamen
1028 3282 1076 3346 ita
1104 3305 1157 3347 me
1186 3283 1256 3347 dixi
1284 3305 1351 3348 esse

143 3384 318 3453 facturum.
364 3386 395 3450 2.
419 3384 514 3451 Idem
536 3409 597 3473 ego
612 3409 685 3452 aum
707 3384 748 3451 L.
766 3384 916 3451 Clodium
942 3385 1099 3470 Corcyrae
1121 3385 1350 3466 convenissem,

143 3488 312 3555 hominem
335 3489 384 3554 ita
405 3489 467 3554 tibi
493 3492 710 3569 coniunctum,
732 3494 771 3554 ut
792 3488 884 3569 mihi,
910 3512 983 3554 cum
1008 3490 1065 3554 illo
1091 3512 1164 3554 cum
1194 3489 1349 3573 loquerer,

143 3598 251 3659 mcum
264 3593 356 3677 loqui
371 3592 505 3673 viderer,
518 3593 587 3657 dixi
601 3592 631 3657 ei
642 3615 693 3657 me
708 3593 755 3657 ita
769 3592 931 3658 facturum
947 3616 1023 3672 esse,
1034 3597 1071 3658 ut
1081 3593 1115 3657 in
1131 3598 1348 3677 campartem,

145 3718 244 3782 quam
268 3695 398 3761 Phania
422 3700 576 3782 rogasset,
597 3696 738 3780 primum
762 3698 916 3761 venirem.
962 3694 1055 3761 Tunc
1080 3696 1146 3776 illc,
1170 3696 1253 3760 mihi
1276 3718 1350 3762 cum

175 3889 306 3934 tonna..
327 3882 482 3948 debeamus]
499 3883 605 3932 secorit
618 3891 685 3932 note.
772 3882 812 3932 his
837 3897 894 3932 cvvn
915 3882 1039 3945 province.
1085 3881 1146 3931 This
1173 3881 1215 3930 did
1241 3881 1350 3948 actually

174 3964 244 3999 aas.
291 3919 439 4024 .deseados]
470 3947 721 4011 ‘continucycurre-
772 3947 885 4010 huppen:
905 3947 952 3996 but
969 3947 1061 4004 Cicero,
1077 3962 1104 3995 as
1120 3946 1225 3996 allotted
1240 3947 1274 4011 by
1289 3948 1347 4008 lau,

143 4014 204 4077 gard
214 4014 264 4063 aud
274 4013 407 4062 assistance
418 4020 445 4062 to
459 4028 499 4061 me
509 4012 536 4060 in
547 4028 589 4076 my
600 4012 720 4071 absence,
772 4012 904 4076 appointed
914 4012 954 4061 his
964 4028 1039 4077 quaes
1028 4023 1086 4072 ιῑοι,
1101 4011 1199 4061 Caelius
1210 4011 1309 4071 Caldus,
1322 4028 1350 4062 as

145 4078 188 4128 tha
197 4078 272 4128 usual
282 4077 376 4127 refrain
390 4076 418 4126 oi
434 4076 527 4126 Cicerc'
530 4093 542 4125 s
552 4077 637 4125 letters
647 4077 723 4126 about
772 4077 811 4127 hia
822 4079 896 4127 baum
908 4084 993 4126 terrm.

146 4142 328 4204 thistime,s.
331 4143 420 4191 Fam.
428 4157 471 4190 xv.
482 4144 505 4202 7,
515 4144 539 4201 8,
551 4141 605 4205 Epp
609 4142 718 4201 .ccxiv.,

145 4222 215 4258 ccxv.
250 4160 519 4257 Iievasincomtarit
533 4159 664 4255 dreadlcst
678 4179 722 4255 thd
805 4210 829 4256 l.
846 4208 944 4255 &lactor
978 4205 1120 4256 ‘satisflad'

145 4270 505 4400 ffltesaboutappornnng
499 4277 668 4320 successorsto
679 4270 722 4319 the
783 4269 941 4398 ”Sidamkp
950 4288 967 4319 n
984 4270 1146 4335 Pamphylia.
1168 4285 1208 4319 sea
1223 4285 1257 4320 on
1276 4271 1346 4322 Fam.

211 4352 384 4411 cprovrnces
391 4335 448 4384 held
470 4335 486 4384 b
524 4335 614 4384 Caesar
634 4334 721 4384 should
772 4336 808 4385 iis.
822 4339 836 4384 5
859 4339 882 4393 3,
954 4351 1006 4385 ccv

144 4351 521 4466 psaraatthasppointmentof
533 4416 549 4449 a
562 4407 722 4450 successorto
804 4402 846 4450 illa
856 4354 982 4465 adsedem]
1002 4400 1109 4450 ‘arrival
1122 4406 1150 4450 at
1160 4399 1215 4450 that
1226 4399 1314 4464 placa
