2976 5356
486 333 680 401 ccxcrrr.
706 333 822 418 (arr.
854 334 934 402 νη.
958 335 1005 420 a).
1289 335 1354 400 cer

146 505 179 575 5.
215 505 327 574 Redeo
359 508 402 574 ad
429 529 508 574 rem.
569 505 643 578 Quo
672 507 767 573 modo
796 506 1019 592 exspectabam
1047 508 1227 595 epistolem,
1256 531 1355 595 quam

149 606 331 677 Philoxeno
361 610 521 677 dedisses!
576 609 755 696 Scripserae
793 612 881 676 enim
909 610 944 675 in
975 634 1013 676 ea
1042 634 1109 678 esse
1138 613 1179 678 de
1208 634 1354 678 sermone

150 710 298 801 Pompeii
311 713 539 800 Neapolitano.
563 712 647 779 Eam
662 713 743 780 mihi
755 713 855 780 Patro
866 714 1045 783 Brundusii
1059 716 1217 781 reddidit:
1235 714 1354 801 Corcy-

150 837 214 899 rae,
229 822 268 884 ut
282 817 405 904 opinor,
420 821 594 904 acceperat.
638 816 734 882 Nihil
748 817 855 904 potuit
870 839 937 883 esse
951 817 1132 884 iucundius.
1170 818 1254 884 Erat
1268 818 1355 884 enim

148 920 189 987 de
208 943 246 987 re
267 919 405 1006 publice,
426 920 466 986 de
489 919 639 1006 opinione
659 942 757 1006 quem
776 923 805 987 is
822 921 872 987 vir
890 920 1025 989 haberet
1042 922 1240 1008 integritatis
1254 943 1354 1001 meae,

145 1023 188 1091 de
204 1022 429 1089 benevolentia
442 1045 540 1109 quam
560 1025 702 1090 ostendit
722 1046 760 1091 eo
782 1046 927 1091 somene
942 1049 1037 1112 quem
1053 1024 1168 1091 habuit
1182 1027 1223 1091 de
1238 1025 1355 1090 trium-

140 1126 225 1213 pho.
270 1125 335 1192 Sed
357 1130 468 1192 tamen
492 1125 552 1192 hoo
576 1126 854 1209 iucundissimum,
878 1130 966 1214 quod
990 1129 1138 1194 intellexi
1159 1131 1192 1194 te
1217 1127 1260 1192 cd
1281 1148 1356 1194 eum

140 1228 286 1308 venisse,
300 1233 340 1295 ut
353 1229 423 1296 eius
437 1230 583 1296 animum
597 1253 676 1318 erge
696 1254 749 1297 me
765 1231 968 1317 perspiceres.
1014 1231 1090 1297 Hoc
1103 1231 1196 1312 mihi,
1210 1231 1356 1316 inquam,

131 1332 267 1399 assim
280 1332 557 1400 iucundissimum.
603 1336 633 1400 6.
656 1333 709 1401 De
721 1334 885 1421 triumpho
902 1339 1010 1401 eutem
1025 1335 1117 1400 nulls
1131 1357 1183 1401 me
1198 1334 1357 1421 cupiditas

140 1458 306 1523 umquam
319 1437 425 1503 tenuit
441 1442 517 1504 ante
531 1436 646 1504 Bibuli
667 1438 963 1524 impudentissimae
980 1438 1115 1517 litterae,
1132 1460 1211 1523 quae
1225 1437 1356 1525 amplis·

141 1539 230 1606 sime
249 1541 441 1628 supplicatio
463 1546 632 1608 consecuta
656 1546 713 1608 est.
759 1541 793 1606 A
815 1563 879 1627 quo
903 1541 931 1607 si
955 1563 993 1607 ea
1019 1545 1111 1627 geste
1135 1546 1249 1622 essent,
1274 1563 1357 1627 quae

137 1643 287 1730 scripsit,
317 1645 491 1732 gauderem
521 1648 555 1711 et
585 1644 700 1710 honori
728 1644 889 1711 faverem:
921 1666 1008 1709 nunc
1030 1644 1135 1724 illum,
1160 1645 1216 1730 qui
1241 1645 1358 1731 pedem

150 1752 256 1833 porte,
282 1748 389 1834 quoad
409 1747 512 1814 hostis
540 1747 585 1814 cis
613 1747 816 1834 Euphratem
845 1747 920 1827 luit,
951 1769 1017 1814 non
1048 1747 1211 1828 extulerit,
1236 1747 1357 1814 honore

151 1850 275 1936 augeri,
289 1872 353 1931 me,
367 1850 403 1916 in
418 1851 508 1916 cuiue
523 1851 665 1917 exercitu
680 1874 769 1940 spem
784 1851 874 1918 illius
885 1849 1175 1931 exercitushsbuit,
1189 1852 1277 1917 idem
1291 1873 1358 1917 non

150 1954 286 2039 adsequi
309 1954 446 2020 dedecus
471 1959 520 2021 est
549 1961 706 2035 nostrum,
737 1959 894 2034 nostrum,
926 1955 1059 2042 inquam
1086 1957 1119 2020 te
1147 1954 1356 2041 coniungens.

154 2054 272 2141 Itaque
287 2056 396 2122 omnia
410 2058 557 2144 experiar
571 2063 614 2139 et,
629 2063 668 2125 ut
687 2081 789 2146 spero,
810 2060 975 2146 adsequar.
1021 2057 1118 2129 Quod
1132 2058 1213 2123 situ
1227 2057 1357 2137 valeres,

153 2158 219 2225 iam
254 2158 337 2225 mihi
365 2163 524 2247 quaedam
554 2163 721 2248 explorate
757 2165 872 2228 essent.
918 2160 993 2242 Sed,
1024 2164 1062 2226 ut
1092 2182 1196 2246 spero,
1226 2160 1357 2226 valebis.

154 2262 184 2327 7.
206 2260 260 2329 De
277 2264 470 2331 raudusculo
487 2263 689 2331 Numeriano
711 2265 853 2331 multum
878 2270 911 2330 te
934 2286 1016 2330 amo.
1061 2262 1257 2330 Hortensius
1279 2264 1359 2349 quid

152 2365 258 2451 egerit
272 2388 352 2433 aveo
366 2367 455 2448 scire,
471 2366 551 2434 Oete
567 2368 646 2454 quid
668 2372 757 2455 egat,
781 2368 838 2454 qui
860 2367 992 2453 quidem
1014 2367 1050 2433 in
1071 2389 1123 2432 me
1142 2367 1281 2452 turpiter
1295 2367 1360 2432 init

156 2469 340 2536 malevolus.
392 2469 495 2536 Dedit
523 2471 732 2557 integritatis,
761 2471 914 2551 iustitiae,
946 2471 1143 2550 clementiae,
1173 2470 1249 2535 fidei
1278 2469 1360 2535 mihi

155 2572 386 2654 testimonium,
413 2575 502 2660 quod
530 2597 596 2640 non
625 2573 836 2661 quaerebam:
868 2575 955 2660 quod
979 2572 1192 2660 postulabam,
1215 2573 1358 2659 negavit.

154 2672 274 2762 Itaque
291 2676 408 2743 Geesar
423 2679 464 2744 iis
478 2678 605 2759 litteris,
620 2678 739 2765 quibus
757 2678 840 2744 mihi
858 2679 1043 2765 gratulatur
1059 2682 1092 2744 et
1106 2676 1216 2743 omnia
1228 2676 1360 2764 pollice·

156 2783 218 2861 tur,
241 2801 305 2865 quo
331 2781 427 2847 modo
452 2781 593 2847 exsultat
613 2781 745 2848 Catonis
766 2782 802 2848 in
824 2805 878 2849 me
900 2780 1111 2869 ingratissimi
1128 2779 1266 2846 iniuria!
1311 2779 1361 2847 At

156 2881 244 2949 idem
264 2881 385 2950 Bibulo
410 2883 535 2950 dierum
558 2906 615 2950 xx.
660 2885 797 2972 Ignosce
822 2885 912 2967 mihi,
932 2908 999 2951 non
1025 2906 1155 2971 possum
1175 2884 1254 2951 haec
1275 2883 1360 2951 terre

156 3007 215 3053 nec
229 2985 343 3053 ierem.
388 2988 420 3051 8.
444 2987 547 3073 Cupio
571 2989 614 3055 ad
637 3011 748 3056 omnes
772 2995 845 3056 tuas
867 2990 1026 3076 epistolas,
1049 2989 1106 3054 eed
1125 2987 1209 3054 nihil
1234 3010 1360 3054 necesse

150 3094 210 3156 est.
256 3088 331 3157 Iam
352 3091 439 3156 enim
457 3093 491 3158 te
513 3091 638 3159 videbo.
683 3092 774 3160 Illud
795 3098 905 3159 tamen
930 3094 970 3159 de
994 3091 1196 3179 Chrysippo:
1218 3113 1295 3157 nam
1318 3092 1359 3157 de

152 3296 305 3365 lityderives
315 3299 347 3350 its
358 3298 494 3365 obligatior
504 3300 570 3352 irem
576 3302 619 3352 the
630 3302 733 3354 interest
781 3320 821 3367 cp.
838 3306 893 3354 rut.
911 3303 955 3352 vii.
974 3306 997 3364 3,
1015 3306 1038 3364 9,
1055 3302 1105 3367 Ep.
1123 3302 1216 3352 ccxciv.
1249 3301 1300 3351 But
1316 3302 1360 3352 tha

153 3362 182 3413 ci
196 3363 240 3413 the
257 3362 403 3427 individuul,
420 3374 464 3416 not
474 3366 540 3416 from
556 3382 607 3432 any
617 3366 732 3419 inherent
783 3370 862 3419 vverde
873 3384 938 3418 seem
949 3374 976 3418 tc
986 3368 1017 3417 be
1031 3367 1057 3416 in
1072 3367 1136 3417 close
1147 3367 1285 3416 connexion
1297 3366 1359 3416 with

155 3428 332 3478 sanction—do
350 3436 395 3479 not
412 3446 452 3480 see
468 3431 525 3481 that
538 3432 581 3481 the
597 3438 657 3497 type
672 3433 732 3497 they
782 3434 850 3483 whct
862 3432 972 3482 follows:
992 3432 1017 3481 ‘l
1029 3438 1097 3482 want
1108 3438 1134 3481 to
1144 3431 1218 3480 know
1229 3431 1298 3480 whet
1309 3431 1359 3481 line

148 3506 194 3543 ere
215 3492 355 3558 describing
372 3494 394 3543 is
414 3504 460 3545 not
475 3497 530 3546 that
546 3496 574 3547 oi
592 3496 668 3547 merul
686 3512 730 3547 ex·
782 3497 932 3548 Hortensius
949 3497 994 3546 hes
1009 3496 1086 3547 tehen
1104 3512 1137 3546 on
1155 3496 1199 3545 the
1217 3495 1315 3559 subject
1331 3494 1360 3545 cf

151 3556 601 3625 csllcncebutofvrorldlyvisdom.’
782 3579 826 3626 rny
847 3561 966 3624 triumph,
990 3561 1039 3611 and
1061 3561 1129 3610 what
1154 3559 1175 3608 is
1197 3560 1240 3609 the
1261 3566 1360 3622 present

185 3624 210 3672 t.
227 3622 341 3689 dodinae]
377 3626 521 3676 ‘entrusted
536 3626 571 3692 by
588 3642 638 3692 yon
654 3632 680 3677 tc
701 3626 729 3674 P.
781 3627 887 3677 attitude
901 3626 929 3676 cl
945 3626 1014 3687 Cato,
1036 3625 1093 3675 who
1115 3625 1160 3673 hes
1175 3624 1263 3674 shown
1286 3640 1359 3674 scan-

151 3700 243 3753 ssyou
253 3688 304 3737 told
316 3687 375 3738 me’
411 3688 563 3741 Suchisthe
573 3691 641 3742 force
651 3691 731 3741 citha
782 3691 895 3757 dalously
905 3692 954 3740 bed
964 3690 1058 3753 feeling
1069 3691 1174 3739 towards
1185 3689 1244 3739 me.’

151 3751 322 3816 subjunctive.
813 3756 963 3832 disrumss]
993 3772 1027 3806 sc.
1043 3757 1237 3816 supplicationem
1247 3755 1357 3804 ἀισνινίέ.

185 3819 210 3866 t.
228 3815 384 3883 amptum]
419 3820 530 3882 granted,
547 3821 621 3870 voted
634 3819 677 3870 ‘in
689 3820 732 3870 the
781 3821 805 3870 Δ
832 3820 997 3884 supplic-atron
1020 3820 1048 3869 of
1075 3823 1105 3868 20
1129 3820 1190 3882 days
1213 3834 1265 3868 vves
1286 3819 1360 3869 tvvice

153 3885 219 3931 tuost
236 3881 372 3933 hsndscrne
390 3884 466 3949 vvcy!
498 3887 667 3946 Asanises'mc,
690 3885 732 3934 tho
782 3887 856 3936 voted
884 3885 911 3933 in
937 3885 1034 3934 honour
1057 3883 1084 3933 oi
1106 3883 1216 3932 Caesar’s
1243 3882 1359 3933 victorias

150 3945 220 4009 conj.
233 3945 261 3997 ol
276 3946 345 4005 Pius,
359 3948 441 3999 vculd
457 3948 638 4012 giveabetter
652 3966 733 4011 sense,
781 3950 809 4000 in
833 3950 906 4011 Gaul,
930 3950 961 3999 B.
988 3950 1019 3998 G.
1045 3948 1081 3997 iv.
1108 3951 1153 4005 38:
1183 3947 1227 3997 vii.
1259 3950 1298 3997 90.
1333 3946 1360 3997 It

153 4008 201 4060 but
216 4010 300 4061 would
313 4017 359 4062 not
373 4012 438 4063 heve
454 4013 516 4063 been
535 4014 665 4078 corrupted
680 4015 733 4064 inte
782 4031 860 4065 seems
876 4030 935 4077 very
953 4019 1051 4077 strange
1067 4013 1123 4062 that
1138 4012 1253 4076 thevcry
1263 4011 1360 4075 trifling

152 4077 307 4137 mptissinrs.
782 4080 888 4129 services
903 4079 932 4129 of
949 4078 1054 4128 Bibulus
1070 4077 1159 4128 should
1175 4076 1238 4126 heve
1254 4076 1317 4126 been
1332 4092 1360 4126 so

187 4140 212 4191 t.
230 4141 375 4189 Hermes·
391 4143 452 4204 quid
466 4140 553 4207 egerit]
586 4159 621 4192 sc.
641 4144 670 4191 ds
684 4158 732 4191 msc
782 4143 1104 4207 handscmslyrecognised.
1138 4141 1190 4191 But
1199 4141 1220 4191 it
1231 4141 1315 4190 would
1328 4141 1360 4191 be

155 4204 288 4265 triumpho.
333 4205 422 4255 Others
437 4206 495 4257 take
514 4208 584 4257 these
603 4208 683 4257 words
704 4223 731 4256 ss
781 4207 1156 4272 rashtoconjectureinacsse
1166 4205 1287 4255 lilrcthis.

153 4267 314 4345 rcierringto
330 4270 373 4320 the
388 4276 564 4336 testamentary
574 4272 688 4337 bequests
704 4271 732 4322 of
814 4276 838 4322 8.
857 4271 1001 4337 etryeppo]
1035 4271 1195 4321 Aireedmsu
1214 4270 1243 4319 of
1263 4270 1356 4332 Cicero,

153 4330 311 4396 Hortensrus,
323 4334 400 4400 lately
415 4336 538 4397 deceased,
551 4339 600 4386 and
615 4337 657 4387 the
672 4352 729 4400 prc-
780 4342 808 4388 to
817 4337 900 4387 whom
912 4336 997 4386 Cicero
1008 4336 1058 4386 hed
1072 4336 1120 4387 essi
1155 4336 1186 4386 ed
1201 4334 1244 4386 the
1260 4335 1323 4400 duty
1333 4335 1361 4385 ol

151 4398 730 4467 readingstakenbyhissoninconscquencs:
780 4402 894 4467 p0rsonal
912 4402 1059 4453 sttcndsnce
1077 4417 1110 4452 cn
1145 4400 1151 4412 ⁰
1184 4414 1229 4450 sen
1248 4400 1356 4463 Murus,
