2976 5356
143 816 189 882 re
497 814 695 882 ooxvrrr.
723 814 840 898 (arr.
872 816 908 883 V.
933 817 1003 899 re).

359 1251 552 1320 ocxvm.
597 1249 656 1317 ro
678 1249 880 1317 terreos
907 1251 1003 1336 (Am.
1027 1275 1060 1319 v.
1086 1255 1143 1338 ιε).

445 1484 476 1528 Α.
494 1484 527 1527 u.
544 1483 572 1528 c.
588 1478 658 1540 7033
683 1484 712 1526 n.
730 1483 756 1526 c.
774 1483 827 1542 ⁵13
851 1484 925 1529 aar.
943 1484 1002 1528 oro.
1020 1483 1062 1532 aa.

191 1672 229 1722 li.
243 1672 329 1722 Cicero
344 1678 443 1735 propter
458 1676 548 1731 motus,
562 1686 624 1735 quos
640 1669 726 1719 Parthi
742 1670 804 1721 duee
819 1670 911 1721 Pacoro
921 1669 1040 1731 fecerant,
1052 1671 1148 1722 litteras
1164 1673 1196 1722 de
1211 1677 1281 1723 statu
1297 1690 1354 1738 pro-

142 1754 239 1805 vinciae
250 1755 281 1803 ad
293 1759 404 1802 senatum
415 1752 515 1802 miserat
525 1757 551 1801 et
561 1758 633 1816 rogat
642 1751 754 1802 Atticum
769 1759 805 1810 ut,
818 1752 840 1802 si
852 1753 944 1802 Romae
959 1753 1000 1813 sit,
1013 1753 1065 1816 ipse
1076 1768 1175 1818 quoque
1191 1754 1222 1803 de
1233 1754 1274 1804 his
1284 1755 1355 1806 rebus

142 1836 234 1896 videat,
247 1851 279 1884 no
290 1835 337 1884 sibi
353 1833 480 1897 provincia
490 1839 643 1898 prorogetur.
689 1832 756 1883 Dein
771 1834 802 1883 de
819 1833 895 1896 copiis
906 1840 981 1897 atque
997 1834 1146 1884 adiumentis
1156 1835 1209 1884 suis
1220 1835 1356 1898 exponitet

143 1933 229 1966 rursus
239 1917 323 1976 instat,
337 1923 366 1965 ut
376 1914 475 1964 Atticus
485 1930 568 1965 mense
585 1914 702 1965 Ianuario
718 1915 811 1964 Romae
827 1915 868 1964 sit.
903 1914 1010 1964 Litteras
1022 1914 1099 1964 Attici
1110 1921 1238 1978 exspectat
1247 1921 1275 1967 et
1285 1916 1355 1969 Bruti

144 1998 234 2063 pupilli
244 2002 296 2048 rem
307 2013 333 2047 se
343 1997 475 2060 diligenter
484 2011 556 2060 agere
566 1996 688 2046 adfirmat.
724 1995 820 2060 Scripta
831 1995 934 2059 epistola
944 2001 982 2046 est
992 1996 1018 2045 in
1030 1995 1115 2046 easais
1125 1997 1158 2047 ad
1169 1995 1296 2062 Cybistra.

561 2220 692 2276 CICERO
710 2219 842 2274 ATTICO
861 2219 938 2274 SAL.

212 2365 242 2428 1.
267 2361 375 2433 Quam
398 2361 514 2427 vellem
536 2359 661 2426 Romae
683 2381 776 2440 esses,
802 2360 830 2425 si
853 2360 937 2425 forte
957 2382 1023 2425 non
1045 2360 1098 2425 es!
1145 2359 1244 2426 Nihil
1265 2361 1352 2428 enim

145 2467 226 2532 oerti
246 2465 446 2531 habebamus
468 2464 532 2529 nisi
554 2464 710 2548 aeoepisee
732 2486 791 2529 nos
812 2468 886 2528 tuas
907 2463 1032 2528 litteras
1053 2487 1083 2528 a.
1105 2465 1137 2528 d.
1156 2485 1247 2530 x1111.
1272 2463 1350 2533 Kal.

142 2569 233 2635 Sext.
251 2571 353 2647 dotas,
372 2568 408 2633 in
424 2567 540 2652 quibus
559 2568 714 2653 seriptum
729 2571 811 2632 esset
826 2571 858 2632 te
877 2567 911 2631 in
927 2566 1065 2651 Epirum
1080 2567 1204 2631 iturum
1227 2567 1353 2634 eireiter

145 2672 223 2737 Kal.
238 2671 386 2737 Sextiles.
418 2670 492 2749 Sed,
505 2671 571 2735 sive
587 2670 711 2735 Itomae
726 2693 760 2736 es
774 2671 841 2736 sivo
855 2671 890 2735 in
906 2671 1018 2755 Epiro,
1031 2670 1146 2735 Parthi
1158 2670 1353 2756 Euphraten

144 2776 366 2840 transiverunt
378 2775 458 2838 duee
474 2774 606 2853 Pacoro,
617 2773 733 2838 Orodis
749 2776 835 2860 regis
850 2774 1046 2839 Parthorum
1058 2773 1136 2852 filio,
1149 2796 1216 2838 cum
1228 2777 1353 2841 eunetis

143 2878 213 2944 fere
238 2879 347 2963 copiis.
393 2877 533 2943 Bibulus
551 2879 697 2943 nondum
715 2878 907 2943 audiebatur
925 2900 991 2942 esse
1014 2877 1049 2941 in
1071 2877 1177 2961 Syria.
1224 2877 1353 2944 Cassius

143 2983 179 3046 in
197 2983 315 3067 oppido
330 2981 508 3046 Antiochia
523 2989 566 3045 eat
585 3005 657 3045 oum
678 2982 767 3046 omni
782 2981 943 3046 exercitu:
967 3003 1026 3044 nos
1040 2980 1075 3044 in
1091 2979 1297 3065 Cappadocia
1311 2983 1353 3048 ad

142 3085 289 3149 Taurum
315 3107 388 3150 oum
412 3084 556 3148 exercitu
586 3086 627 3149 ad
654 3084 826 3168 Cybistra:
850 3084 952 3149 hostis
970 3084 1006 3147 in
1027 3082 1242 3168 Cyrrhestica,
1270 3108 1353 3171 quae

140 3187 256 3273 Syriae
271 3211 345 3273 pars
360 3188 507 3273 proximo
522 3192 570 3253 est
584 3189 767 3272 provinciae
782 3210 882 3252 meae.
930 3186 996 3251 His
1012 3188 1052 3252 de
1071 3185 1167 3252 rebus
1181 3188 1296 3273 scripsi
1310 3191 1352 3256 ad

141 3296 311 3357 senatum:
336 3314 416 3376 quas
434 3292 568 3370 litteras,
592 3292 619 3356 si
640 3290 765 3356 Itomae
785 3313 828 3368 es,
851 3289 985 3370 videbis,
1007 3295 1141 3375 putesne
1160 3293 1352 3373 reddendas,

140 3400 174 3460 et
189 3395 303 3473 multo,
322 3394 421 3459 immo
442 3394 561 3473 omnia,
578 3416 714 3478 quorum
733 3396 915 3478 κεφάλαιον,
939 3416 980 3458 ne
1001 3395 1079 3479 quid
1098 3395 1184 3459 inter
1205 3417 1300 3461 oaesa
1319 3403 1351 3462 et

140 3504 295 3583 porrecta,
312 3503 350 3562 ut
365 3499 468 3575 aiunt,
484 3497 590 3561 oneris
606 3497 688 3561 mihi
703 3499 843 3562 addatur
862 3502 919 3561 aut
934 3498 1097 3582 temporis.
1142 3497 1248 3562 Nobis
1264 3500 1352 3565 enim

139 3602 200 3666 hae
229 3601 420 3666 infirmitate
450 3602 618 3674 exereitus,
645 3601 757 3686 inopie
786 3601 952 3678 sociorum,
976 3601 1164 3686 praesertim
1193 3602 1351 3681 fidelium,

174 3817 196 3861 l.
218 3812 325 3878 Cassius]
375 3811 435 3860 This
462 3812 483 3860 is
511 3812 553 3860 the
581 3813 716 3862 eelebmted
770 3815 896 3864 siderable.
940 3814 972 3864 In
990 3815 1032 3863 the
1052 3814 1149 3863 Roman
1168 3814 1285 3864 calendar
1303 3814 1350 3864 EN

140 3877 238 3927 Cassius
249 3877 306 3927 who
325 3876 469 3926 afterwards
485 3877 543 3925 took
559 3884 614 3939 port
632 3879 658 3926 in
675 3879 717 3927 the
770 3897 818 3928 was
830 3881 918 3929 affixed
930 3887 955 3928 to
972 3879 1065 3929 certain
1077 3880 1156 3943 days:
1178 3880 1248 3928 these
1266 3880 1352 3930 letters

139 3944 238 3991 murder
248 3942 275 3990 oi
291 3942 379 3991 Caesar.
416 3941 501 3990 Cicero
519 3943 660 3991 undarrates
678 3944 717 3991 his
768 3944 882 4007 signified
904 3948 1060 3992 eudolarcirus
1083 3944 1281 4010 (=intercisas),
1302 3948 1319 3992 i.
1328 3963 1348 3994 e.

138 4008 243 4070 exploits
254 4007 280 4054 in
293 4007 372 4071 Syria,
387 4006 444 4054 here
455 4007 503 4053 and
512 4006 538 4054 in
547 4007 714 4065 otherlottors,
767 4009 822 4058 that
838 4010 880 4058 the
897 4011 946 4072 day
958 4026 1009 4057 was
1026 4015 1068 4057 cut
1085 4010 1111 4056 in
1128 4015 1187 4067 two,
1205 4009 1248 4058 the
1263 4008 1351 4059 viatim

139 4073 184 4122 but
195 4072 282 4135 highly
300 4072 378 4120 extols
395 4072 464 4120 them
481 4071 508 4118 in
527 4072 590 4119 l’hil.
612 4073 646 4120 xi.
667 4075 713 4127 35;
768 4074 842 4137 being
851 4074 912 4122 elain
924 4075 951 4122 in
959 4075 1002 4123 the
1013 4073 1135 4136 morning,
1149 4074 1194 4121 bat
1206 4079 1250 4123 not
1257 4073 1350 4124 offered

140 4138 201 4185 Fam
219 4138 262 4185 xii.
278 4141 356 4193 1-10;
375 4153 416 4184 xv.
433 4138 716 4194 11-18,areaddressed
767 4137 806 4186 till
819 4140 861 4186 the
873 4140 987 4201 erening.
1023 4139 1087 4187 Both
1099 4139 1168 4187 these
1179 4138 1350 4199 periodsware

138 4208 165 4250 to
179 4202 240 4258 him,
259 4202 307 4249 and
327 4218 364 4249 we
385 4201 447 4249 have
465 4216 531 4249 some
549 4201 632 4250 letters
650 4202 714 4250 from
767 4205 858 4261 sacred,
884 4205 929 4252 but
956 4204 1051 4251 seeirlar
1079 4203 1190 4251 business
1218 4204 1292 4252 eould
1320 4205 1351 4253 be

139 4266 199 4325 him,
212 4267 280 4314 Fam.
294 4266 339 4314 xii.
355 4270 393 4325 11,
410 4269 453 4323 12;
473 4282 514 4313 xv.
532 4269 569 4313 19.
767 4269 905 4317 transacted
916 4269 943 4316 in
955 4269 997 4317 the
1011 4268 1126 4317 interval.
1161 4270 1201 4315 An
1219 4269 1350 4317 untoward

170 4333 256 4390 scripsi
273 4335 304 4378 ad
322 4330 383 4396 sera]
418 4330 478 4378 This
497 4330 518 4378 is
540 4330 609 4378 Fam.
629 4348 670 4378 xv.
693 4334 713 4385 l.
767 4340 840 4380 event
868 4333 996 4396 oecurring
1018 4334 1045 4381 in
1067 4332 1117 4380 this
1139 4331 1247 4381 interval
1269 4333 1351 4397 might

140 4396 186 4457 llp.
200 4395 280 4444 ecxxi.
767 4398 921 4457 preventthe
933 4396 1163 4446 consummationes
1174 4397 1216 4445 the
1228 4398 1349 4447 sacrifiea.

170 4463 259 4507 valebis
284 4459 367 4572 pretor}
417 4460 489 4508 ‘You
521 4459 573 4507 will
605 4461 717 4509 oonsider
769 4462 855 4510 llenee
867 4462 908 4510 the
925 4463 1028 4524 proverb
1045 4463 1164 4510 indicates
1181 4468 1225 4510 not
1235 4478 1264 4511 so
1274 4463 1350 4512 much

138 4524 249 4572 whether
261 4541 309 4588 you
320 4526 349 4586 ju
367 4540 397 4587 ge
411 4524 465 4573 that
480 4524 540 4588 they
556 4525 633 4587 ought
649 4531 675 4573 to
686 4526 717 4573 be
768 4542 800 4574 an
823 4528 965 4586 onerarat-‘d
985 4544 1012 4574 as
1037 4543 1070 4575 an
1092 4529 1221 4574 ecretoward
1241 4526 1349 4576 eircum-

138 4590 278 4638 delivered.'
306 4589 493 4652 Ciestrangely
509 4590 717 4639 sendsanotlleiul
768 4598 860 4640 stanes.
895 4591 973 4640 What
991 4591 1076 4640 Cicero
1098 4607 1182 4639 means
1204 4591 1300 4642 isthat
1319 4592 1351 4642 he

138 4654 211 4703 letter
222 4670 284 4716 open
296 4661 321 4702 to
334 4654 439 4702 Atticus.
769 4656 843 4718 hopes
865 4671 931 4704 some
951 4657 1078 4704 tarrloward
1099 4655 1210 4704 incident
1228 4672 1288 4720 may
1306 4663 1351 4705 not

171 4723 235 4766 inter
251 4736 317 4766 caeaa
334 4727 356 4767 et
373 4717 495 4781 porrecta]
530 4718 657 4767 ‘between
675 4719 718 4768 the
768 4721 946 4769 arisetodefer
957 4721 995 4769 hie
1007 4727 1092 4770 return
1100 4720 1165 4769 from
1174 4720 1213 4769 his
1222 4722 1347 4783 proviuea.

136 4783 235 4846 sleying
251 4783 300 4831 and
316 4784 358 4832 the
373 4782 476 4845 offering
488 4783 611 4846 (perricio)
628 4785 656 4832 ol
675 4785 717 4832 the
801 4787 845 4833 Irae
862 4785 1016 4851 infirrrritat]
1052 4786 1102 4835 For
1117 4785 1239 4835 ablatives
1255 4786 1284 4835 of
1299 4786 1352 4835 this

140 4848 242 4897 victim'
269 4848 412 4897 Sometimes
423 4848 466 4896 the
477 4847 582 4897 interval
594 4865 644 4898 uras
656 4865 714 4898 eon·
768 4849 922 4900 kindseeon
934 4852 1003 4900 Fam.
1016 4866 1039 4900 v.
1053 4855 1076 4913 8,
1089 4856 1112 4912 4,
1127 4850 1175 4913 Ep.
1189 4850 1273 4902 cxxxi.
