<?xml version="1.0" encoding="UTF-8"?>
<!DOCTYPE html PUBLIC "-//W3C//DTD XHTML 1.0 Transitional//EN"
    "http://www.w3.org/TR/xhtml1/DTD/xhtml1-transitional.dtd">
<html xmlns="http://www.w3.org/1999/xhtml" xml:lang="en" lang="en">
 <head>
  <title>
</title>
<meta http-equiv="Content-Type" content="text/html;charset=utf-8" />
  <meta name='ocr-system' content='tesseract 3.04.00' />
  <meta name='ocr-capabilities' content='ocr_page ocr_carea ocr_par ocr_line ocrx_word'/>
</head>
<body>
  <div class='ocr_page' id='page_1' title='image "./correspondencem02cicegoog_0311.png"; bbox 0 0 2976 5356; ppageno 0'>
   <div class='ocr_carea' id='block_1_1' title="bbox 961 458 965 467">
    <p class='ocr_par' dir='ltr' id='par_1_1' title="bbox 961 458 965 467">
     <span class='ocr_line' id='line_1_1' title="bbox 961 458 965 467; baseline 0 0"><span class='ocrx_word' id='word_1_1' title='bbox 961 458 965 467; x_wconf 76' lang='grc' dir='ltr'>ι</span> 
     </span>
    </p>
   </div>
   <div class='ocr_carea' id='block_1_2' title="bbox 138 839 994 928">
    <p class='ocr_par' dir='ltr' id='par_1_2' title="bbox 138 839 994 928">
     <span class='ocr_line' id='line_1_2' title="bbox 138 839 994 928; baseline 0 -21"><span class='ocrx_word' id='word_1_2' title='bbox 138 841 202 907; x_wconf 86' lang='lat'>198</span> <span class='ocrx_word' id='word_1_3' title='bbox 499 839 652 908; x_wconf 73' lang='lat' dir='ltr'>cessa</span> <span class='ocrx_word' id='word_1_4' title='bbox 678 840 801 927; x_wconf 67' lang='lat' dir='ltr'>(sau</span> <span class='ocrx_word' id='word_1_5' title='bbox 824 839 900 906; x_wconf 78' lang='grc' dir='ltr'>ΠΙ.</span> <span class='ocrx_word' id='word_1_6' title='bbox 922 840 994 928; x_wconf 88' lang='lat'><strong><em>10).</em></strong></span> 
     </span>
    </p>
   </div>
   <div class='ocr_carea' id='block_1_3' title="bbox 153 1309 1331 1504">
    <p class='ocr_par' dir='ltr' id='par_1_3' title="bbox 153 1309 1331 1504">
     <span class='ocr_line' id='line_1_3' title="bbox 153 1309 1331 1504; baseline -0.002 -123"><span class='ocrx_word' id='word_1_7' title='bbox 153 1313 305 1382; x_wconf 84' lang='lat' dir='ltr'>CCLXI.</span> <span class='ocrx_word' id='word_1_8' title='bbox 351 1314 520 1383; x_wconf 79' lang='lat' dir='ltr'>CICERO</span> <span class='ocrx_word' id='word_1_9' title='bbox 544 1312 798 1504; x_wconf 50' lang='grc' dir='ltr'>ΤΟὲΡΡΙΠΒ</span> <span class='ocrx_word' id='word_1_10' title='bbox 821 1312 1064 1503; x_wconf 49' lang='grc' dir='ltr'><strong>ΟξιΑΠΒΓΠΒ</strong></span> <span class='ocrx_word' id='word_1_11' title='bbox 1086 1309 1331 1390; x_wconf 80' lang='lat' dir='ltr'>PULCHEB,</span> 
     </span>
     <span class='ocr_line' id='line_1_4' title="bbox 656 1438 877 1486; baseline 0 -1"><span class='ocrx_word' id='word_1_12' title='bbox 656 1441 717 1485; x_wconf 77' lang='lat' dir='ltr'>aas.</span> <span class='ocrx_word' id='word_1_13' title='bbox 740 1441 793 1486; x_wconf 94' lang='lat'>111.</span> <span class='ocrx_word' id='word_1_14' title='bbox 819 1438 877 1486; x_wconf 79' lang='grc' dir='ltr'>ιο.</span> 
     </span>
    </p>
   </div>
   <div class='ocr_carea' id='block_1_4' title="bbox 372 1618 1108 1681">
    <p class='ocr_par' dir='ltr' id='par_1_4' title="bbox 372 1618 1108 1681">
     <span class='ocr_line' id='line_1_5' title="bbox 372 1618 1108 1681; baseline -0.005 -15"><span class='ocrx_word' id='word_1_15' title='bbox 372 1622 466 1681; x_wconf 64' lang='lat' dir='ltr'>ism</span> <span class='ocrx_word' id='word_1_16' title='bbox 489 1623 521 1667; x_wconf 77' lang='lat' dir='ltr'>A.</span> <span class='ocrx_word' id='word_1_17' title='bbox 538 1621 572 1666; x_wconf 85' lang='lat' dir='ltr'>u.</span> <span class='ocrx_word' id='word_1_18' title='bbox 591 1622 617 1666; x_wconf 87' lang='lat' dir='ltr'>c.</span> <span class='ocrx_word' id='word_1_19' title='bbox 636 1619 703 1680; x_wconf 74' lang='lat'>7043</span> <span class='ocrx_word' id='word_1_20' title='bbox 727 1621 758 1665; x_wconf 83' lang='lat' dir='ltr'>a.</span> <span class='ocrx_word' id='word_1_21' title='bbox 775 1621 802 1665; x_wconf 92' lang='lat' dir='ltr'>c.</span> <span class='ocrx_word' id='word_1_22' title='bbox 819 1619 873 1679; x_wconf 79' lang='lat'>⁶⁰3</span> <span class='ocrx_word' id='word_1_23' title='bbox 897 1620 971 1664; x_wconf 77' lang='lat' dir='ltr'>arr.</span> <span class='ocrx_word' id='word_1_24' title='bbox 988 1620 1049 1664; x_wconf 89' lang='lat' dir='ltr'>c1e.</span> <span class='ocrx_word' id='word_1_25' title='bbox 1066 1618 1108 1666; x_wconf 84' lang='lat' dir='ltr'>os.</span> 
     </span>
    </p>
   </div>
   <div class='ocr_carea' id='block_1_5' title="bbox 137 1774 1363 2250">
    <p class='ocr_par' dir='ltr' id='par_1_5' title="bbox 137 1774 1363 2250">
     <span class='ocr_line' id='line_1_6' title="bbox 186 1774 1345 1845; baseline -0.002 -17"><span class='ocrx_word' id='word_1_26' title='bbox 186 1778 304 1844; x_wconf 82' lang='lat' dir='ltr'>Appium,</span> <span class='ocrx_word' id='word_1_27' title='bbox 314 1795 371 1830; x_wconf 89' lang='lat' dir='ltr'>eum</span> <span class='ocrx_word' id='word_1_28' title='bbox 381 1780 544 1831; x_wconf 85' lang='lat' dir='ltr'>revertissete</span> <span class='ocrx_word' id='word_1_29' title='bbox 554 1780 691 1845; x_wconf 83' lang='lat' dir='ltr'>provincia,</span> <span class='ocrx_word' id='word_1_30' title='bbox 701 1780 833 1831; x_wconf 76' lang='lat' dir='ltr'>Dolabella</span> <span class='ocrx_word' id='word_1_31' title='bbox 842 1784 1008 1841; x_wconf 75' lang='lat' dir='ltr'>accusaverat,</span> <span class='ocrx_word' id='word_1_32' title='bbox 1021 1777 1065 1844; x_wconf 88' lang='lat' dir='ltr'>qui</span> <span class='ocrx_word' id='word_1_33' title='bbox 1076 1776 1186 1828; x_wconf 83' lang='lat' dir='ltr'>Tulliam</span> <span class='ocrx_word' id='word_1_34' title='bbox 1196 1774 1236 1826; x_wconf 74' lang='lat' dir='ltr'>M.</span> <span class='ocrx_word' id='word_1_35' title='bbox 1249 1774 1345 1827; x_wconf 72' lang='lat' dir='ltr'>Cicero</span> 
     </span>
     <span class='ocr_line' id='line_1_7' title="bbox 137 1856 1344 1912; baseline -0.002 -2"><span class='ocrx_word' id='word_1_36' title='bbox 137 1860 178 1910; x_wconf 91' lang='lat' dir='ltr'>nis</span> <span class='ocrx_word' id='word_1_37' title='bbox 188 1860 265 1910; x_wconf 85' lang='lat' dir='ltr'>filiam</span> <span class='ocrx_word' id='word_1_38' title='bbox 275 1860 302 1910; x_wconf 93' lang='lat' dir='ltr'>in</span> <span class='ocrx_word' id='word_1_39' title='bbox 313 1861 470 1912; x_wconf 88' lang='lat' dir='ltr'>matrimonio</span> <span class='ocrx_word' id='word_1_40' title='bbox 485 1861 600 1912; x_wconf 84' lang='lat' dir='ltr'>habebat.</span> <span class='ocrx_word' id='word_1_41' title='bbox 635 1862 666 1911; x_wconf 92' lang='lat' dir='ltr'>Id</span> <span class='ocrx_word' id='word_1_42' title='bbox 679 1877 706 1912; x_wconf 94' lang='lat' dir='ltr'>se</span> <span class='ocrx_word' id='word_1_43' title='bbox 717 1861 838 1912; x_wconf 84' lang='lat' dir='ltr'>insciente</span> <span class='ocrx_word' id='word_1_44' title='bbox 853 1860 891 1910; x_wconf 82' lang='grc' dir='ltr'>Μ.</span> <span class='ocrx_word' id='word_1_45' title='bbox 910 1860 995 1911; x_wconf 84' lang='lat' dir='ltr'>Cicero</span> <span class='ocrx_word' id='word_1_46' title='bbox 1011 1860 1047 1910; x_wconf 90' lang='lat' dir='ltr'>ait</span> <span class='ocrx_word' id='word_1_47' title='bbox 1059 1874 1112 1910; x_wconf 86' lang='lat' dir='ltr'>esse</span> <span class='ocrx_word' id='word_1_48' title='bbox 1127 1859 1235 1909; x_wconf 82' lang='lat' dir='ltr'>factum.</span> <span class='ocrx_word' id='word_1_49' title='bbox 1268 1856 1344 1908; x_wconf 81' lang='lat' dir='ltr'>Prae-</span> 
     </span>
     <span class='ocr_line' id='line_1_8' title="bbox 137 1938 1344 2008; baseline -0.002 -16"><span class='ocrx_word' id='word_1_50' title='bbox 137 1947 205 1992; x_wconf 86' lang='lat' dir='ltr'>terea</span> <span class='ocrx_word' id='word_1_51' title='bbox 215 1941 376 2006; x_wconf 77' lang='lat' dir='ltr'>suspitionem</span> <span class='ocrx_word' id='word_1_52' title='bbox 386 1958 402 1992; x_wconf 87' lang='lat' dir='ltr'>a</span> <span class='ocrx_word' id='word_1_53' title='bbox 412 1958 439 1992; x_wconf 87' lang='lat' dir='ltr'>se</span> <span class='ocrx_word' id='word_1_54' title='bbox 448 1942 580 2006; x_wconf 76' lang='lat' dir='ltr'><strong>impeditae</strong></span> <span class='ocrx_word' id='word_1_55' title='bbox 590 1942 730 2008; x_wconf 74' lang='lat' dir='ltr'>legationis,</span> <span class='ocrx_word' id='word_1_56' title='bbox 740 1958 804 2008; x_wconf 87' lang='lat' dir='ltr'>quae</span> <span class='ocrx_word' id='word_1_57' title='bbox 814 1943 846 1992; x_wconf 90' lang='lat' dir='ltr'>ed</span> <span class='ocrx_word' id='word_1_58' title='bbox 856 1943 1008 1993; x_wconf 90' lang='lat' dir='ltr'>laudandum</span> <span class='ocrx_word' id='word_1_59' title='bbox 1017 1940 1127 2006; x_wconf 86' lang='lat' dir='ltr'>Appium</span> <span class='ocrx_word' id='word_1_60' title='bbox 1137 1941 1237 1990; x_wconf 87' lang='lat' dir='ltr'>decreta</span> <span class='ocrx_word' id='word_1_61' title='bbox 1246 1938 1344 1999; x_wconf 71' lang='lat' dir='ltr'>tuine,</span> 
     </span>
     <span class='ocr_line' id='line_1_9' title="bbox 138 2019 1350 2088; baseline -0.002 -16"><span class='ocrx_word' id='word_1_62' title='bbox 138 2022 263 2073; x_wconf 80' lang='lat' dir='ltr'>infirmare</span> <span class='ocrx_word' id='word_1_63' title='bbox 273 2025 357 2073; x_wconf 80' lang='lat' dir='ltr'>studet</span> <span class='ocrx_word' id='word_1_64' title='bbox 367 2023 506 2088; x_wconf 80' lang='lat' dir='ltr'>proconsul.</span> <span class='ocrx_word' id='word_1_65' title='bbox 541 2023 611 2081; x_wconf 83' lang='lat' dir='ltr'>Quae</span> <span class='ocrx_word' id='word_1_66' title='bbox 625 2030 710 2076; x_wconf 83' lang='lat' dir='ltr'>autam</span> <span class='ocrx_word' id='word_1_67' title='bbox 726 2026 758 2075; x_wconf 92' lang='lat' dir='ltr'>de</span> <span class='ocrx_word' id='word_1_68' title='bbox 776 2025 849 2074; x_wconf 89' lang='lat' dir='ltr'>rebus</span> <span class='ocrx_word' id='word_1_69' title='bbox 866 2024 894 2074; x_wconf 86' lang='lat' dir='ltr'>in</span> <span class='ocrx_word' id='word_1_70' title='bbox 906 2022 1034 2087; x_wconf 85' lang='lat' dir='ltr'>provincia</span> <span class='ocrx_word' id='word_1_71' title='bbox 1049 2021 1125 2088; x_wconf 82' lang='lat' dir='ltr'>gestis</span> <span class='ocrx_word' id='word_1_72' title='bbox 1141 2020 1169 2070; x_wconf 92' lang='lat' dir='ltr'>in</span> <span class='ocrx_word' id='word_1_73' title='bbox 1179 2021 1228 2071; x_wconf 81' lang='lat' dir='ltr'>hae</span> <span class='ocrx_word' id='word_1_74' title='bbox 1242 2019 1350 2085; x_wconf 77' lang='lat' dir='ltr'>epistola</span> 
     </span>
     <span class='ocr_line' id='line_1_10' title="bbox 137 2098 1363 2171; baseline -0.002 -17"><span class='ocrx_word' id='word_1_75' title='bbox 137 2104 271 2164; x_wconf 70' lang='lat' dir='ltr'>addiderat</span> <span class='ocrx_word' id='word_1_76' title='bbox 284 2120 313 2155; x_wconf 87' lang='lat' dir='ltr'>ea</span> <span class='ocrx_word' id='word_1_77' title='bbox 323 2105 440 2155; x_wconf 82' lang='lat' dir='ltr'>ridentur</span> <span class='ocrx_word' id='word_1_78' title='bbox 450 2121 509 2155; x_wconf 85' lang='lat' dir='ltr'>casu</span> <span class='ocrx_word' id='word_1_79' title='bbox 520 2105 680 2157; x_wconf 81' lang='lat' dir='ltr'>intercidisse.</span> <span class='ocrx_word' id='word_1_80' title='bbox 715 2105 830 2170; x_wconf 86' lang='lat' dir='ltr'>Denique</span> <span class='ocrx_word' id='word_1_81' title='bbox 837 2112 974 2171; x_wconf 75' lang='lat' dir='ltr'>auguratur</span> <span class='ocrx_word' id='word_1_82' title='bbox 985 2103 1072 2155; x_wconf 88' lang='lat' dir='ltr'>Cicero</span> <span class='ocrx_word' id='word_1_83' title='bbox 1082 2117 1213 2154; x_wconf 80' lang='lat' dir='ltr'>censuram</span> <span class='ocrx_word' id='word_1_84' title='bbox 1223 2101 1307 2168; x_wconf 84' lang='lat' dir='ltr'>Appio</span> <span class='ocrx_word' id='word_1_85' title='bbox 1315 2098 1363 2151; x_wconf 69' lang='lat' dir='ltr'>iri.</span> 
     </span>
     <span class='ocr_line' id='line_1_11' title="bbox 139 2185 705 2250; baseline 0.004 -15"><span class='ocrx_word' id='word_1_86' title='bbox 139 2185 256 2236; x_wconf 84' lang='lat' dir='ltr'>delatum.</span> <span class='ocrx_word' id='word_1_87' title='bbox 290 2185 387 2249; x_wconf 81' lang='lat' dir='ltr'>Scripta</span> <span class='ocrx_word' id='word_1_88' title='bbox 398 2185 501 2250; x_wconf 86' lang='lat' dir='ltr'>epistola</span> <span class='ocrx_word' id='word_1_89' title='bbox 512 2192 550 2237; x_wconf 91' lang='lat' dir='ltr'>est</span> <span class='ocrx_word' id='word_1_90' title='bbox 561 2185 705 2238; x_wconf 85' lang='lat' dir='ltr'>Laodiceae.</span> 
     </span>
    </p>
   </div>
   <div class='ocr_carea' id='block_1_6' title="bbox 493 2359 971 2417">
    <p class='ocr_par' dir='ltr' id='par_1_6' title="bbox 493 2359 971 2417">
     <span class='ocr_line' id='line_1_12' title="bbox 493 2359 971 2417; baseline 0.004 -3"><span class='ocrx_word' id='word_1_91' title='bbox 493 2361 532 2416; x_wconf 81' lang='lat' dir='ltr'>M.</span> <span class='ocrx_word' id='word_1_92' title='bbox 552 2360 686 2417; x_wconf 81' lang='lat' dir='ltr'>CICERO</span> <span class='ocrx_word' id='word_1_93' title='bbox 703 2359 761 2417; x_wconf 84' lang='grc' dir='ltr'>ΔΡ.</span> <span class='ocrx_word' id='word_1_94' title='bbox 781 2360 925 2417; x_wconf 87' lang='lat' dir='ltr'>PULCRO</span> <span class='ocrx_word' id='word_1_95' title='bbox 944 2361 971 2416; x_wconf 79' lang='lat' dir='ltr'>S.</span> 
     </span>
    </p>
   </div>
   <div class='ocr_carea' id='block_1_7' title="bbox 138 2488 1355 3925">
    <p class='ocr_par' dir='ltr' id='par_1_7' title="bbox 138 2488 1355 3925">
     <span class='ocr_line' id='line_1_13' title="bbox 206 2488 1346 2576; baseline -0.001 -19"><span class='ocrx_word' id='word_1_96' title='bbox 206 2492 234 2558; x_wconf 90' lang='lat'>1.</span> <span class='ocrx_word' id='word_1_97' title='bbox 258 2491 343 2557; x_wconf 88' lang='lat' dir='ltr'>Cum</span> <span class='ocrx_word' id='word_1_98' title='bbox 365 2495 415 2557; x_wconf 88' lang='lat' dir='ltr'>est</span> <span class='ocrx_word' id='word_1_99' title='bbox 440 2492 483 2557; x_wconf 89' lang='lat' dir='ltr'>ad</span> <span class='ocrx_word' id='word_1_100' title='bbox 508 2514 567 2558; x_wconf 91' lang='lat' dir='ltr'>nos</span> <span class='ocrx_word' id='word_1_101' title='bbox 595 2492 742 2558; x_wconf 87' lang='lat' dir='ltr'>adlatum</span> <span class='ocrx_word' id='word_1_102' title='bbox 771 2493 812 2558; x_wconf 88' lang='lat' dir='ltr'>de</span> <span class='ocrx_word' id='word_1_103' title='bbox 840 2491 1023 2558; x_wconf 85' lang='lat' dir='ltr'>temeritate</span> <span class='ocrx_word' id='word_1_104' title='bbox 1051 2511 1174 2570; x_wconf 88' lang='lat' dir='ltr'>eorum,</span> <span class='ocrx_word' id='word_1_105' title='bbox 1204 2488 1264 2576; x_wconf 90' lang='lat' dir='ltr'>qni</span> <span class='ocrx_word' id='word_1_106' title='bbox 1285 2488 1346 2557; x_wconf 81' lang='lat' dir='ltr'>tibi</span> 
     </span>
     <span class='ocr_line' id='line_1_14' title="bbox 139 2594 1343 2682; baseline -0.002 -21"><span class='ocrx_word' id='word_1_107' title='bbox 139 2596 308 2681; x_wconf 86' lang='lat' dir='ltr'>negotium</span> <span class='ocrx_word' id='word_1_108' title='bbox 329 2596 533 2675; x_wconf 77' lang='lat' dir='ltr'>facesserent,</span> <span class='ocrx_word' id='word_1_109' title='bbox 554 2597 615 2662; x_wconf 83' lang='lat' dir='ltr'>etsi</span> <span class='ocrx_word' id='word_1_110' title='bbox 638 2596 782 2682; x_wconf 83' lang='lat' dir='ltr'>graviter</span> <span class='ocrx_word' id='word_1_111' title='bbox 800 2595 906 2681; x_wconf 90' lang='lat' dir='ltr'>primo</span> <span class='ocrx_word' id='word_1_112' title='bbox 925 2594 1041 2660; x_wconf 86' lang='lat' dir='ltr'>nuntio</span> <span class='ocrx_word' id='word_1_113' title='bbox 1062 2597 1242 2660; x_wconf 89' lang='lat' dir='ltr'>eommotus</span> <span class='ocrx_word' id='word_1_114' title='bbox 1262 2615 1343 2673; x_wconf 85' lang='lat' dir='ltr'>sum,</span> 
     </span>
     <span class='ocr_line' id='line_1_15' title="bbox 140 2698 1344 2785; baseline -0.001 -22"><span class='ocrx_word' id='word_1_115' title='bbox 140 2699 227 2785; x_wconf 92' lang='lat' dir='ltr'>quod</span> <span class='ocrx_word' id='word_1_116' title='bbox 240 2698 324 2763; x_wconf 89' lang='lat' dir='ltr'>nihil</span> <span class='ocrx_word' id='word_1_117' title='bbox 338 2702 408 2763; x_wconf 89' lang='lat' dir='ltr'>tam</span> <span class='ocrx_word' id='word_1_118' title='bbox 422 2702 548 2783; x_wconf 84' lang='lat' dir='ltr'>praeter</span> <span class='ocrx_word' id='word_1_119' title='bbox 560 2699 745 2784; x_wconf 89' lang='lat' dir='ltr'>opinionem</span> <span class='ocrx_word' id='word_1_120' title='bbox 759 2722 866 2765; x_wconf 88' lang='lat' dir='ltr'>meam</span> <span class='ocrx_word' id='word_1_121' title='bbox 881 2699 1022 2765; x_wconf 89' lang='lat' dir='ltr'>aeeidere</span> <span class='ocrx_word' id='word_1_122' title='bbox 1036 2698 1155 2784; x_wconf 87' lang='lat' dir='ltr'>potuit,</span> <span class='ocrx_word' id='word_1_123' title='bbox 1170 2702 1293 2777; x_wconf 86' lang='lat' dir='ltr'>tamen,</span> <span class='ocrx_word' id='word_1_124' title='bbox 1308 2703 1344 2763; x_wconf 90' lang='lat' dir='ltr'>ut</span> 
     </span>
     <span class='ocr_line' id='line_1_16' title="bbox 139 2800 1344 2889; baseline -0.002 -22"><span class='ocrx_word' id='word_1_125' title='bbox 139 2825 191 2868; x_wconf 91' lang='lat' dir='ltr'>me</span> <span class='ocrx_word' id='word_1_126' title='bbox 203 2801 328 2889; x_wconf 79' lang='lat' dir='ltr'>collegi,</span> <span class='ocrx_word' id='word_1_127' title='bbox 339 2806 443 2867; x_wconf 83' lang='lat' dir='ltr'>cetera</span> <span class='ocrx_word' id='word_1_128' title='bbox 454 2802 535 2867; x_wconf 88' lang='lat' dir='ltr'>mihi</span> <span class='ocrx_word' id='word_1_129' title='bbox 545 2803 701 2868; x_wconf 82' lang='lat' dir='ltr'>facillima</span> <span class='ocrx_word' id='word_1_130' title='bbox 712 2801 915 2883; x_wconf 87' lang='lat' dir='ltr'>videbantur,</span> <span class='ocrx_word' id='word_1_131' title='bbox 928 2803 1014 2888; x_wconf 90' lang='lat' dir='ltr'>quod</span> <span class='ocrx_word' id='word_1_132' title='bbox 1026 2806 1059 2868; x_wconf 87' lang='lat' dir='ltr'>et</span> <span class='ocrx_word' id='word_1_133' title='bbox 1069 2802 1105 2867; x_wconf 95' lang='lat' dir='ltr'>in</span> <span class='ocrx_word' id='word_1_134' title='bbox 1115 2806 1149 2867; x_wconf 91' lang='lat' dir='ltr'>te</span> <span class='ocrx_word' id='word_1_135' title='bbox 1160 2800 1231 2886; x_wconf 88' lang='lat' dir='ltr'>ipso</span> <span class='ocrx_word' id='word_1_136' title='bbox 1241 2801 1344 2866; x_wconf 86' lang='lat' dir='ltr'>maxi·</span> 
     </span>
     <span class='ocr_line' id='line_1_17' title="bbox 138 2903 1348 2991; baseline -0.002 -20"><span class='ocrx_word' id='word_1_137' title='bbox 138 2928 226 2971; x_wconf 92' lang='lat' dir='ltr'>mam</span> <span class='ocrx_word' id='word_1_138' title='bbox 242 2928 332 2991; x_wconf 90' lang='lat' dir='ltr'>spem</span> <span class='ocrx_word' id='word_1_139' title='bbox 351 2910 383 2970; x_wconf 91' lang='lat' dir='ltr'>et</span> <span class='ocrx_word' id='word_1_140' title='bbox 402 2905 439 2970; x_wconf 90' lang='lat' dir='ltr'>in</span> <span class='ocrx_word' id='word_1_141' title='bbox 457 2905 523 2971; x_wconf 88' lang='lat' dir='ltr'>tuis</span> <span class='ocrx_word' id='word_1_142' title='bbox 541 2928 697 2991; x_wconf 88' lang='lat' dir='ltr'>magnam</span> <span class='ocrx_word' id='word_1_143' title='bbox 715 2904 875 2973; x_wconf 85' lang='lat' dir='ltr'>habebam</span> <span class='ocrx_word' id='word_1_144' title='bbox 892 2906 1059 2990; x_wconf 85' lang='lat' dir='ltr'>multaque</span> <span class='ocrx_word' id='word_1_145' title='bbox 1076 2903 1159 2969; x_wconf 91' lang='lat' dir='ltr'>mihi</span> <span class='ocrx_word' id='word_1_146' title='bbox 1172 2903 1348 2970; x_wconf 84' lang='lat' dir='ltr'>veniebant</span> 
     </span>
     <span class='ocr_line' id='line_1_18' title="bbox 140 3006 1347 3094; baseline -0.001 -20"><span class='ocrx_word' id='word_1_147' title='bbox 140 3009 176 3074; x_wconf 91' lang='lat' dir='ltr'>in</span> <span class='ocrx_word' id='word_1_148' title='bbox 190 3014 343 3089; x_wconf 89' lang='lat' dir='ltr'>mentem,</span> <span class='ocrx_word' id='word_1_149' title='bbox 360 3031 458 3094; x_wconf 85' lang='lat' dir='ltr'>quem</span> <span class='ocrx_word' id='word_1_150' title='bbox 472 3008 513 3075; x_wconf 94' lang='lat' dir='ltr'>ob</span> <span class='ocrx_word' id='word_1_151' title='bbox 528 3033 596 3075; x_wconf 93' lang='lat' dir='ltr'>rem</span> <span class='ocrx_word' id='word_1_152' title='bbox 611 3010 712 3075; x_wconf 86' lang='lat' dir='ltr'>istum</span> <span class='ocrx_word' id='word_1_153' title='bbox 725 3009 868 3075; x_wconf 86' lang='lat' dir='ltr'>laborem</span> <span class='ocrx_word' id='word_1_154' title='bbox 882 3008 942 3075; x_wconf 91' lang='lat' dir='ltr'>tibi</span> <span class='ocrx_word' id='word_1_155' title='bbox 957 3009 1055 3074; x_wconf 89' lang='lat' dir='ltr'>etiam</span> <span class='ocrx_word' id='word_1_156' title='bbox 1070 3006 1186 3073; x_wconf 89' lang='lat' dir='ltr'>honori</span> <span class='ocrx_word' id='word_1_157' title='bbox 1196 3011 1347 3094; x_wconf 84' lang='lat' dir='ltr'>putarem</span> 
     </span>
     <span class='ocr_line' id='line_1_19' title="bbox 140 3111 1350 3198; baseline 0 -20"><span class='ocrx_word' id='word_1_158' title='bbox 140 3113 219 3178; x_wconf 85' lang='lat' dir='ltr'>fore.</span> <span class='ocrx_word' id='word_1_159' title='bbox 265 3113 356 3178; x_wconf 90' lang='lat' dir='ltr'>Illud</span> <span class='ocrx_word' id='word_1_160' title='bbox 371 3113 467 3197; x_wconf 89' lang='lat' dir='ltr'>plane</span> <span class='ocrx_word' id='word_1_161' title='bbox 490 3114 622 3179; x_wconf 87' lang='lat' dir='ltr'>moleste</span> <span class='ocrx_word' id='word_1_162' title='bbox 645 3113 718 3194; x_wconf 90' lang='lat' dir='ltr'>tuli,</span> <span class='ocrx_word' id='word_1_163' title='bbox 741 3115 828 3198; x_wconf 89' lang='lat' dir='ltr'>quod</span> <span class='ocrx_word' id='word_1_164' title='bbox 847 3113 1059 3178; x_wconf 88' lang='lat' dir='ltr'>certissimum</span> <span class='ocrx_word' id='word_1_165' title='bbox 1079 3115 1112 3177; x_wconf 88' lang='lat' dir='ltr'>et</span> <span class='ocrx_word' id='word_1_166' title='bbox 1133 3111 1350 3178; x_wconf 88' lang='lat' dir='ltr'>iustissimum</span> 
     </span>
     <span class='ocr_line' id='line_1_20' title="bbox 141 3215 1349 3302; baseline 0.001 -21"><span class='ocrx_word' id='word_1_167' title='bbox 141 3216 344 3302; x_wconf 90' lang='lat' dir='ltr'>triumphum</span> <span class='ocrx_word' id='word_1_168' title='bbox 370 3216 430 3282; x_wconf 92' lang='lat' dir='ltr'>hoo</span> <span class='ocrx_word' id='word_1_169' title='bbox 452 3216 638 3283; x_wconf 85' lang='lat' dir='ltr'>invidorum</span> <span class='ocrx_word' id='word_1_170' title='bbox 665 3218 797 3283; x_wconf 90' lang='lat' dir='ltr'>consilio</span> <span class='ocrx_word' id='word_1_171' title='bbox 820 3239 887 3282; x_wconf 89' lang='lat' dir='ltr'>esse</span> <span class='ocrx_word' id='word_1_172' title='bbox 916 3216 977 3281; x_wconf 91' lang='lat' dir='ltr'>tibi</span> <span class='ocrx_word' id='word_1_173' title='bbox 1009 3219 1156 3301; x_wconf 87' lang='lat' dir='ltr'>ereptum</span> <span class='ocrx_word' id='word_1_174' title='bbox 1185 3215 1349 3282; x_wconf 86' lang='lat' dir='ltr'>videbam</span> 
     </span>
     <span class='ocr_line' id='line_1_21' title="bbox 143 3318 1353 3407; baseline -0.003 -18"><span class='ocrx_word' id='word_1_175' title='bbox 143 3321 240 3391; x_wconf 80' lang='lat' dir='ltr'>Quod</span> <span class='ocrx_word' id='word_1_176' title='bbox 263 3325 301 3384; x_wconf 90' lang='lat' dir='ltr'>tu</span> <span class='ocrx_word' id='word_1_177' title='bbox 325 3320 353 3384; x_wconf 92' lang='lat' dir='ltr'>si</span> <span class='ocrx_word' id='word_1_178' title='bbox 378 3320 463 3384; x_wconf 87' lang='lat' dir='ltr'>tanti</span> <span class='ocrx_word' id='word_1_179' title='bbox 487 3320 594 3400; x_wconf 84' lang='lat' dir='ltr'>iacies,</span> <span class='ocrx_word' id='word_1_180' title='bbox 624 3321 739 3406; x_wconf 87' lang='lat' dir='ltr'>quanti</span> <span class='ocrx_word' id='word_1_181' title='bbox 762 3342 823 3407; x_wconf 87' lang='lat' dir='ltr'>ego</span> <span class='ocrx_word' id='word_1_182' title='bbox 848 3342 974 3405; x_wconf 88' lang='lat' dir='ltr'>semper</span> <span class='ocrx_word' id='word_1_183' title='bbox 998 3319 1139 3385; x_wconf 88' lang='lat' dir='ltr'>iudicavi</span> <span class='ocrx_word' id='word_1_184' title='bbox 1160 3318 1353 3385; x_wconf 83' lang='lat' dir='ltr'>faciendum</span> 
     </span>
     <span class='ocr_line' id='line_1_22' title="bbox 142 3422 1353 3510; baseline 0.001 -22"><span class='ocrx_word' id='word_1_185' title='bbox 142 3445 219 3503; x_wconf 88' lang='lat' dir='ltr'>esse,</span> <span class='ocrx_word' id='word_1_186' title='bbox 242 3423 341 3488; x_wconf 86' lang='lat' dir='ltr'>facies</span> <span class='ocrx_word' id='word_1_187' title='bbox 363 3424 524 3509; x_wconf 88' lang='lat' dir='ltr'>sapienter</span> <span class='ocrx_word' id='word_1_188' title='bbox 545 3428 579 3489; x_wconf 86' lang='lat' dir='ltr'>et</span> <span class='ocrx_word' id='word_1_189' title='bbox 599 3447 675 3510; x_wconf 86' lang='lat' dir='ltr'>ages</span> <span class='ocrx_word' id='word_1_190' title='bbox 697 3426 799 3490; x_wconf 87' lang='lat' dir='ltr'>vietor</span> <span class='ocrx_word' id='word_1_191' title='bbox 818 3447 859 3489; x_wconf 83' lang='lat' dir='ltr'>ex</span> <span class='ocrx_word' id='word_1_192' title='bbox 877 3422 1082 3488; x_wconf 91' lang='lat' dir='ltr'>inimicorum</span> <span class='ocrx_word' id='word_1_193' title='bbox 1100 3422 1210 3487; x_wconf 90' lang='lat' dir='ltr'>dolore</span> <span class='ocrx_word' id='word_1_194' title='bbox 1230 3423 1353 3489; x_wconf 80' lang='lat' dir='ltr'>arium-</span> 
     </span>
     <span class='ocr_line' id='line_1_23' title="bbox 142 3525 1353 3615; baseline 0.001 -24"><span class='ocrx_word' id='word_1_195' title='bbox 142 3526 245 3613; x_wconf 93' lang='lat' dir='ltr'>phum</span> <span class='ocrx_word' id='word_1_196' title='bbox 268 3526 489 3592; x_wconf 86' lang='lat' dir='ltr'>iustissimum.</span> <span class='ocrx_word' id='word_1_197' title='bbox 534 3527 609 3614; x_wconf 87' lang='lat' dir='ltr'>Ego</span> <span class='ocrx_word' id='word_1_198' title='bbox 634 3530 722 3594; x_wconf 90' lang='lat' dir='ltr'>enim</span> <span class='ocrx_word' id='word_1_199' title='bbox 745 3528 842 3615; x_wconf 83' lang='lat' dir='ltr'>plane</span> <span class='ocrx_word' id='word_1_200' title='bbox 866 3528 960 3592; x_wconf 88' lang='lat' dir='ltr'>video</span> <span class='ocrx_word' id='word_1_201' title='bbox 981 3527 1051 3592; x_wconf 86' lang='lat' dir='ltr'>iore</span> <span class='ocrx_word' id='word_1_202' title='bbox 1079 3526 1196 3606; x_wconf 86' lang='lat' dir='ltr'>nervis,</span> <span class='ocrx_word' id='word_1_203' title='bbox 1219 3525 1353 3612; x_wconf 86' lang='lat' dir='ltr'>opibus,</span> 
     </span>
     <span class='ocr_line' id='line_1_24' title="bbox 141 3629 1353 3716; baseline 0.002 -21"><span class='ocrx_word' id='word_1_204' title='bbox 141 3629 300 3715; x_wconf 87' lang='lat' dir='ltr'>sapientia</span> <span class='ocrx_word' id='word_1_205' title='bbox 321 3635 388 3710; x_wconf 87' lang='lat' dir='ltr'>tua,</span> <span class='ocrx_word' id='word_1_206' title='bbox 407 3630 612 3698; x_wconf 88' lang='lat' dir='ltr'>vehementer</span> <span class='ocrx_word' id='word_1_207' title='bbox 636 3637 674 3698; x_wconf 88' lang='lat' dir='ltr'>ut</span> <span class='ocrx_word' id='word_1_208' title='bbox 691 3632 837 3697; x_wconf 87' lang='lat' dir='ltr'>inimicos</span> <span class='ocrx_word' id='word_1_209' title='bbox 859 3636 932 3695; x_wconf 90' lang='lat' dir='ltr'>tuos</span> <span class='ocrx_word' id='word_1_210' title='bbox 945 3630 1109 3715; x_wconf 81' lang='lat' dir='ltr'>paeniteat</span> <span class='ocrx_word' id='word_1_211' title='bbox 1128 3630 1353 3716; x_wconf 87' lang='lat' dir='ltr'>intemperan-</span> 
     </span>
     <span class='ocr_line' id='line_1_25' title="bbox 140 3732 1354 3820; baseline 0.003 -23"><span class='ocrx_word' id='word_1_212' title='bbox 140 3733 206 3798; x_wconf 87' lang='lat' dir='ltr'>tiae</span> <span class='ocrx_word' id='word_1_213' title='bbox 221 3755 307 3798; x_wconf 88' lang='lat' dir='ltr'>suae.</span> <span class='ocrx_word' id='word_1_214' title='bbox 353 3732 405 3798; x_wconf 88' lang='lat' dir='ltr'>Da</span> <span class='ocrx_word' id='word_1_215' title='bbox 424 3757 477 3799; x_wconf 92' lang='lat' dir='ltr'>me</span> <span class='ocrx_word' id='word_1_216' title='bbox 495 3734 556 3800; x_wconf 87' lang='lat' dir='ltr'>tibi</span> <span class='ocrx_word' id='word_1_217' title='bbox 578 3736 623 3801; x_wconf 91' lang='lat' dir='ltr'>sie</span> <span class='ocrx_word' id='word_1_218' title='bbox 645 3740 827 3802; x_wconf 83' lang='lat' dir='ltr'>contestans</span> <span class='ocrx_word' id='word_1_219' title='bbox 849 3756 959 3800; x_wconf 88' lang='lat' dir='ltr'>omnes</span> <span class='ocrx_word' id='word_1_220' title='bbox 981 3735 1056 3799; x_wconf 89' lang='lat' dir='ltr'>deos</span> <span class='ocrx_word' id='word_1_221' title='bbox 1075 3733 1229 3818; x_wconf 86' lang='lat' dir='ltr'>promitto</span> <span class='ocrx_word' id='word_1_222' title='bbox 1250 3739 1354 3820; x_wconf 85' lang='lat' dir='ltr'>atque</span> 
     </span>
     <span class='ocr_line' id='line_1_26' title="bbox 141 3837 1355 3925; baseline 0.002 -23"><span class='ocrx_word' id='word_1_223' title='bbox 141 3837 304 3917; x_wconf 87' lang='lat' dir='ltr'>confirmo,</span> <span class='ocrx_word' id='word_1_224' title='bbox 322 3860 375 3903; x_wconf 91' lang='lat' dir='ltr'>me</span> <span class='ocrx_word' id='word_1_225' title='bbox 396 3860 455 3923; x_wconf 93' lang='lat' dir='ltr'>pro</span> <span class='ocrx_word' id='word_1_226' title='bbox 479 3842 538 3904; x_wconf 83' lang='lat' dir='ltr'>tua</span> <span class='ocrx_word' id='word_1_227' title='bbox 561 3839 854 3925; x_wconf 87' lang='lat' dir='ltr'>dignitate-malo</span> <span class='ocrx_word' id='word_1_228' title='bbox 873 3838 961 3903; x_wconf 91' lang='lat' dir='ltr'>enim</span> <span class='ocrx_word' id='word_1_229' title='bbox 982 3843 1027 3901; x_wconf 81' lang='lat' dir='ltr'>ite</span> <span class='ocrx_word' id='word_1_230' title='bbox 1049 3837 1153 3902; x_wconf 86' lang='lat' dir='ltr'>dicere</span> <span class='ocrx_word' id='word_1_231' title='bbox 1175 3859 1277 3922; x_wconf 89' lang='lat' dir='ltr'>quam</span> <span class='ocrx_word' id='word_1_232' title='bbox 1292 3861 1355 3925; x_wconf 90' lang='lat' dir='ltr'>pro</span> 
     </span>
    </p>
   </div>
   <div class='ocr_carea' id='block_1_8' title="bbox 140 4016 1354 4989">
    <p class='ocr_par' dir='ltr' id='par_1_8' title="bbox 140 4016 1353 4662">
     <span class='ocr_line' id='line_1_27' title="bbox 176 4016 1353 4092; baseline 0.002 -26"><span class='ocrx_word' id='word_1_233' title='bbox 176 4022 199 4066; x_wconf 94' lang='lat'>1.</span> <span class='ocrx_word' id='word_1_234' title='bbox 220 4018 286 4074; x_wconf 77' lang='lat' dir='ltr'>Qrsod</span> <span class='ocrx_word' id='word_1_235' title='bbox 297 4024 323 4065; x_wconf 86' lang='lat' dir='ltr'>tu</span> <span class='ocrx_word' id='word_1_236' title='bbox 334 4016 369 4092; x_wconf 76' lang='lat' dir='ltr'>at]</span> <span class='ocrx_word' id='word_1_237' title='bbox 389 4017 457 4066; x_wconf 82' lang='lat' dir='ltr'>‘But</span> <span class='ocrx_word' id='word_1_238' title='bbox 468 4016 547 4081; x_wconf 82' lang='lat' dir='ltr'>ifyou</span> <span class='ocrx_word' id='word_1_239' title='bbox 556 4018 628 4068; x_wconf 85' lang='lat' dir='ltr'>valae</span> <span class='ocrx_word' id='word_1_240' title='bbox 635 4017 656 4067; x_wconf 92' lang='lat' dir='ltr'>it</span> <span class='ocrx_word' id='word_1_241' title='bbox 664 4034 691 4067; x_wconf 89' lang='lat' dir='ltr'>as</span> <span class='ocrx_word' id='word_1_242' title='bbox 703 4018 716 4067; x_wconf 96' lang='lat' dir='ltr'>I</span> <span class='ocrx_word' id='word_1_243' title='bbox 769 4021 792 4079; x_wconf 84' lang='lat'>2,</span> <span class='ocrx_word' id='word_1_244' title='bbox 803 4018 851 4080; x_wconf 90' lang='lat' dir='ltr'>Ep.</span> <span class='ocrx_word' id='word_1_245' title='bbox 860 4016 968 4078; x_wconf 70' lang='lat' dir='ltr'>olnsore</span> <span class='ocrx_word' id='word_1_246' title='bbox 976 4017 1123 4079; x_wconf 74' lang='lat' dir='ltr'>swroisopus</span> <span class='ocrx_word' id='word_1_247' title='bbox 1131 4021 1156 4065; x_wconf 87' lang='lat' dir='ltr'>et</span> <span class='ocrx_word' id='word_1_248' title='bbox 1164 4018 1289 4077; x_wconf 55' lang='lat' dir='ltr'>sapentia</span> <span class='ocrx_word' id='word_1_249' title='bbox 1298 4024 1353 4068; x_wconf 80' lang='lat' dir='ltr'>tua.</span> 
     </span>
     <span class='ocr_line' id='line_1_28' title="bbox 140 4080 1247 4193; baseline -0.001 -63"><span class='ocrx_word' id='word_1_250' title='bbox 140 4081 719 4147; x_wconf 65' lang='lat' dir='ltr'>alwaysthcughtrtdesorvcd(taifyoutbink</span> <span class='ocrx_word' id='word_1_251' title='bbox 802 4080 1011 4193; x_wconf 40' lang='lat' dir='ltr'>intemperantia&amp;</span> <span class='ocrx_word' id='word_1_252' title='bbox 1046 4080 1247 4130; x_wconf 76' lang='lat' dir='ltr'>‘mehlessnesa’</span> 
     </span>
     <span class='ocr_line' id='line_1_29' title="bbox 143 4145 1350 4221; baseline 0.001 -26"><span class='ocrx_word' id='word_1_253' title='bbox 143 4147 208 4197; x_wconf 91' lang='lat' dir='ltr'>little</span> <span class='ocrx_word' id='word_1_254' title='bbox 224 4148 251 4196; x_wconf 86' lang='lat' dir='ltr'>of</span> <span class='ocrx_word' id='word_1_255' title='bbox 266 4147 305 4210; x_wconf 90' lang='lat' dir='ltr'>it),</span> <span class='ocrx_word' id='word_1_256' title='bbox 320 4162 370 4221; x_wconf 75' lang='lat' dir='ltr'>you</span> <span class='ocrx_word' id='word_1_257' title='bbox 378 4147 431 4195; x_wconf 88' lang='lat' dir='ltr'>will</span> <span class='ocrx_word' id='word_1_258' title='bbox 442 4154 482 4196; x_wconf 88' lang='lat' dir='ltr'>aet</span> <span class='ocrx_word' id='word_1_259' title='bbox 495 4147 588 4211; x_wconf 73' lang='lat' dir='ltr'>aisely,</span> <span class='ocrx_word' id='word_1_260' title='bbox 601 4150 650 4196; x_wconf 89' lang='lat' dir='ltr'>and</span> <span class='ocrx_word' id='word_1_261' title='bbox 661 4165 688 4197; x_wconf 92' lang='lat' dir='ltr'>as</span> <span class='ocrx_word' id='word_1_262' title='bbox 704 4165 719 4196; x_wconf 86' lang='lat' dir='ltr'>a</span> <span class='ocrx_word' id='word_1_263' title='bbox 802 4149 839 4194; x_wconf 81' lang='lat' dir='ltr'>ita</span> <span class='ocrx_word' id='word_1_264' title='bbox 856 4145 944 4211; x_wconf 79' lang='lat' dir='ltr'>dicere]</span> <span class='ocrx_word' id='word_1_265' title='bbox 1012 4146 1130 4208; x_wconf 86' lang='lat' dir='ltr'>osenbsrg</span> <span class='ocrx_word' id='word_1_266' title='bbox 1141 4146 1208 4210; x_wconf 82' lang='lat' dir='ltr'>(Em.</span> <span class='ocrx_word' id='word_1_267' title='bbox 1221 4145 1266 4209; x_wconf 84' lang='lat' dir='ltr'>bl)</span> <span class='ocrx_word' id='word_1_268' title='bbox 1287 4146 1350 4196; x_wconf 79' lang='lat' dir='ltr'>adds</span> 
     </span>
     <span class='ocr_line' id='line_1_30' title="bbox 143 4210 1352 4276; baseline 0.001 -15"><span class='ocrx_word' id='word_1_269' title='bbox 143 4211 223 4261; x_wconf 86' lang='lat' dir='ltr'>victor</span> <span class='ocrx_word' id='word_1_270' title='bbox 232 4228 283 4276; x_wconf 80' lang='lat' dir='ltr'>you</span> <span class='ocrx_word' id='word_1_271' title='bbox 295 4211 347 4259; x_wconf 86' lang='lat' dir='ltr'>wrll</span> <span class='ocrx_word' id='word_1_272' title='bbox 362 4211 481 4261; x_wconf 83' lang='lat' dir='ltr'>celebrate</span> <span class='ocrx_word' id='word_1_273' title='bbox 495 4227 509 4259; x_wconf 84' lang='lat' dir='ltr'>a</span> <span class='ocrx_word' id='word_1_274' title='bbox 524 4212 642 4275; x_wconf 87' lang='lat' dir='ltr'>triumph,</span> <span class='ocrx_word' id='word_1_275' title='bbox 657 4218 720 4262; x_wconf 84' lang='lat' dir='ltr'>most</span> <span class='ocrx_word' id='word_1_276' title='bbox 771 4215 815 4271; x_wconf 79' lang='lat' dir='ltr'>tta,</span> <span class='ocrx_word' id='word_1_277' title='bbox 826 4211 969 4274; x_wconf 85' lang='lat' dir='ltr'>comparing</span> <span class='ocrx_word' id='word_1_278' title='bbox 976 4212 1029 4259; x_wconf 78' lang='lat' dir='ltr'>att.</span> <span class='ocrx_word' id='word_1_279' title='bbox 1042 4210 1096 4258; x_wconf 82' lang='lat' dir='ltr'>xiii.</span> <span class='ocrx_word' id='word_1_280' title='bbox 1106 4215 1146 4271; x_wconf 81' lang='lat'>42,</span> <span class='ocrx_word' id='word_1_281' title='bbox 1155 4214 1177 4269; x_wconf 94' lang='lat'>1,</span> <span class='ocrx_word' id='word_1_282' title='bbox 1187 4213 1352 4270; x_wconf 65' lang='lat' dir='ltr'>surpuerat</span> 
     </span>
     <span class='ocr_line' id='line_1_31' title="bbox 144 4276 1352 4340; baseline 0 -15"><span class='ocrx_word' id='word_1_283' title='bbox 144 4293 200 4326; x_wconf 89' lang='lat' dir='ltr'>sure</span> <span class='ocrx_word' id='word_1_284' title='bbox 211 4278 260 4325; x_wconf 89' lang='lat' dir='ltr'>and</span> <span class='ocrx_word' id='word_1_285' title='bbox 275 4276 469 4336; x_wconf 68' lang='lat' dir='ltr'>rell-decerem,</span> <span class='ocrx_word' id='word_1_286' title='bbox 485 4292 544 4325; x_wconf 82' lang='lat' dir='ltr'>orer</span> <span class='ocrx_word' id='word_1_287' title='bbox 558 4277 601 4326; x_wconf 91' lang='lat' dir='ltr'>the</span> <span class='ocrx_word' id='word_1_288' title='bbox 618 4277 720 4340; x_wconf 81' lang='lat' dir='ltr'>chagrin</span> <span class='ocrx_word' id='word_1_289' title='bbox 769 4280 888 4338; x_wconf 80' lang='lat' dir='ltr'>inquam:</span> <span class='ocrx_word' id='word_1_290' title='bbox 906 4278 967 4324; x_wconf 68' lang='lat' dir='ltr'>analo</span> <span class='ocrx_word' id='word_1_291' title='bbox 985 4278 1047 4323; x_wconf 77' lang='lat' dir='ltr'>enim</span> <span class='ocrx_word' id='word_1_292' title='bbox 1064 4278 1101 4322; x_wconf 77' lang='lat' dir='ltr'>ita</span> <span class='ocrx_word' id='word_1_293' title='bbox 1118 4278 1195 4323; x_wconf 76' lang='lat' dir='ltr'>dicere</span> <span class='ocrx_word' id='word_1_294' title='bbox 1211 4291 1286 4336; x_wconf 77' lang='lat' dir='ltr'>quota</span> <span class='ocrx_word' id='word_1_295' title='bbox 1305 4292 1352 4325; x_wconf 75' lang='lat' dir='ltr'>m</span> 
     </span>
     <span class='ocr_line' id='line_1_32' title="bbox 143 4338 1353 4402; baseline 0.001 -13"><span class='ocrx_word' id='word_1_296' title='bbox 143 4342 171 4389; x_wconf 83' lang='lat' dir='ltr'>of</span> <span class='ocrx_word' id='word_1_297' title='bbox 207 4357 253 4390; x_wconf 90' lang='lat' dir='ltr'>our</span> <span class='ocrx_word' id='word_1_298' title='bbox 272 4341 396 4390; x_wconf 62' lang='lat' dir='ltr'>eremias!</span> <span class='ocrx_word' id='word_1_299' title='bbox 432 4342 472 4389; x_wconf 70' lang='lat' dir='ltr'>Es</span> <span class='ocrx_word' id='word_1_300' title='bbox 490 4357 517 4390; x_wconf 90' lang='lat' dir='ltr'>as</span> <span class='ocrx_word' id='word_1_301' title='bbox 535 4342 591 4389; x_wconf 86' lang='lat' dir='ltr'>well</span> <span class='ocrx_word' id='word_1_302' title='bbox 610 4358 636 4390; x_wconf 87' lang='lat' dir='ltr'>as</span> <span class='ocrx_word' id='word_1_303' title='bbox 654 4345 682 4389; x_wconf 73' lang='lat' dir='ltr'>de</span> <span class='ocrx_word' id='word_1_304' title='bbox 698 4341 720 4389; x_wconf 93' lang='lat' dir='ltr'>is</span> <span class='ocrx_word' id='word_1_305' title='bbox 769 4343 920 4389; x_wconf 73' lang='lat' dir='ltr'>cornsnitta&#39;a?</span> <span class='ocrx_word' id='word_1_306' title='bbox 958 4338 1151 4388; x_wconf 87' lang='lat' dir='ltr'>Translate—‘I</span> <span class='ocrx_word' id='word_1_307' title='bbox 1173 4339 1284 4402; x_wconf 86' lang='lat' dir='ltr'>promise</span> <span class='ocrx_word' id='word_1_308' title='bbox 1300 4341 1353 4390; x_wconf 85' lang='lat' dir='ltr'>and</span> 
     </span>
     <span class='ocr_line' id='line_1_33' title="bbox 142 4358 1353 4470; baseline -0.002 -15"><span class='ocrx_word' id='word_1_309' title='bbox 142 4358 206 4455; x_wconf 68' lang='lat' dir='ltr'>trasei</span> <span class='ocrx_word' id='word_1_310' title='bbox 212 4407 252 4454; x_wconf 85' lang='lat' dir='ltr'>for</span> <span class='ocrx_word' id='word_1_311' title='bbox 262 4405 416 4469; x_wconf 88' lang='lat' dir='ltr'>triumphing</span> <span class='ocrx_word' id='word_1_312' title='bbox 428 4421 481 4453; x_wconf 84' lang='lat' dir='ltr'>over</span> <span class='ocrx_word' id='word_1_313' title='bbox 488 4421 498 4454; x_wconf 88' lang='lat'>.·</span> <span class='ocrx_word' id='word_1_314' title='bbox 518 4421 556 4467; x_wconf 86' lang='lat' dir='ltr'>cp.</span> <span class='ocrx_word' id='word_1_315' title='bbox 574 4406 600 4454; x_wconf 91' lang='lat' dir='ltr'>H</span> <span class='ocrx_word' id='word_1_316' title='bbox 602 4407 673 4455; x_wconf 88' lang='lat' dir='ltr'>olden</span> <span class='ocrx_word' id='word_1_317' title='bbox 687 4423 720 4454; x_wconf 90' lang='lat' dir='ltr'>on</span> <span class='ocrx_word' id='word_1_318' title='bbox 771 4405 891 4454; x_wconf 86' lang='lat' dir='ltr'>maintain</span> <span class='ocrx_word' id='word_1_319' title='bbox 902 4405 965 4464; x_wconf 85' lang='lat' dir='ltr'>that,</span> <span class='ocrx_word' id='word_1_320' title='bbox 978 4405 1006 4453; x_wconf 90' lang='lat' dir='ltr'>in</span> <span class='ocrx_word' id='word_1_321' title='bbox 1017 4410 1118 4466; x_wconf 81' lang='lat' dir='ltr'>support</span> <span class='ocrx_word' id='word_1_322' title='bbox 1129 4403 1157 4453; x_wconf 85' lang='lat' dir='ltr'>of</span> <span class='ocrx_word' id='word_1_323' title='bbox 1172 4418 1237 4468; x_wconf 85' lang='lat' dir='ltr'>your</span> <span class='ocrx_word' id='word_1_324' title='bbox 1248 4403 1353 4470; x_wconf 86' lang='lat' dir='ltr'>dignity</span> 
     </span>
     <span class='ocr_line' id='line_1_34' title="bbox 142 4470 785 4583; baseline -0.002 -64"><span class='ocrx_word' id='word_1_325' title='bbox 142 4471 191 4519; x_wconf 83' lang='lat' dir='ltr'>Off.</span> <span class='ocrx_word' id='word_1_326' title='bbox 204 4471 232 4519; x_wconf 91' lang='lat' dir='ltr'>ii.</span> <span class='ocrx_word' id='word_1_327' title='bbox 246 4473 286 4519; x_wconf 82' lang='lat'>28.</span> <span class='ocrx_word' id='word_1_328' title='bbox 321 4471 406 4519; x_wconf 91' lang='lat' dir='ltr'>Cicero</span> <span class='ocrx_word' id='word_1_329' title='bbox 417 4471 459 4519; x_wconf 95' lang='lat' dir='ltr'>did</span> <span class='ocrx_word' id='word_1_330' title='bbox 470 4479 513 4519; x_wconf 92' lang='lat' dir='ltr'>not</span> <span class='ocrx_word' id='word_1_331' title='bbox 525 4471 602 4534; x_wconf 83' lang='lat' dir='ltr'>really</span> <span class='ocrx_word' id='word_1_332' title='bbox 610 4470 683 4519; x_wconf 85' lang='lat' dir='ltr'>think</span> <span class='ocrx_word' id='word_1_333' title='bbox 693 4486 721 4519; x_wconf 94' lang='lat' dir='ltr'>so</span> <span class='ocrx_word' id='word_1_334' title='bbox 771 4471 785 4583; x_wconf 46' lang='lat' dir='ltr'>S</span> 
     </span>
     <span class='ocr_line' id='line_1_35' title="bbox 141 4533 1353 4598; baseline 0 -14"><span class='ocrx_word' id='word_1_335' title='bbox 141 4536 206 4585; x_wconf 87' lang='lat' dir='ltr'>little</span> <span class='ocrx_word' id='word_1_336' title='bbox 216 4535 244 4586; x_wconf 84' lang='lat' dir='ltr'>of</span> <span class='ocrx_word' id='word_1_337' title='bbox 254 4551 269 4584; x_wconf 89' lang='lat' dir='ltr'>a</span> <span class='ocrx_word' id='word_1_338' title='bbox 279 4534 389 4598; x_wconf 88' lang='lat' dir='ltr'>triumph</span> <span class='ocrx_word' id='word_1_339' title='bbox 401 4551 428 4584; x_wconf 89' lang='lat' dir='ltr'>as</span> <span class='ocrx_word' id='word_1_340' title='bbox 442 4535 474 4584; x_wconf 93' lang='lat' dir='ltr'>he</span> <span class='ocrx_word' id='word_1_341' title='bbox 488 4536 589 4585; x_wconf 87' lang='lat' dir='ltr'>cbooses</span> <span class='ocrx_word' id='word_1_342' title='bbox 604 4541 631 4584; x_wconf 89' lang='lat' dir='ltr'>to</span> <span class='ocrx_word' id='word_1_343' title='bbox 647 4535 721 4585; x_wconf 82' lang='lat' dir='ltr'>effect</span> <span class='ocrx_word' id='word_1_344' title='bbox 803 4535 867 4584; x_wconf 88' lang='lat' dir='ltr'>shall</span> <span class='ocrx_word' id='word_1_345' title='bbox 884 4534 1019 4583; x_wconf 87' lang='lat' dir='ltr'>undertake</span> <span class='ocrx_word' id='word_1_346' title='bbox 1040 4534 1091 4582; x_wconf 88' lang='lat' dir='ltr'>this</span> <span class='ocrx_word' id='word_1_347' title='bbox 1110 4539 1166 4596; x_wconf 85' lang='lat' dir='ltr'>part</span> <span class='ocrx_word' id='word_1_348' title='bbox 1185 4533 1234 4582; x_wconf 90' lang='lat' dir='ltr'>and</span> <span class='ocrx_word' id='word_1_349' title='bbox 1251 4535 1353 4598; x_wconf 85' lang='lat' dir='ltr'>duty—</span> 
     </span>
     <span class='ocr_line' id='line_1_36' title="bbox 141 4598 1350 4662; baseline -0.002 -12"><span class='ocrx_word' id='word_1_350' title='bbox 141 4600 208 4650; x_wconf 90' lang='lat' dir='ltr'>hera.</span> <span class='ocrx_word' id='word_1_351' title='bbox 770 4598 798 4647; x_wconf 90' lang='lat' dir='ltr'>in</span> <span class='ocrx_word' id='word_1_352' title='bbox 815 4600 866 4648; x_wconf 90' lang='lat' dir='ltr'>this</span> <span class='ocrx_word' id='word_1_353' title='bbox 883 4599 1006 4661; x_wconf 83' lang='lat' dir='ltr'>province,</span> <span class='ocrx_word' id='word_1_354' title='bbox 1023 4598 1107 4648; x_wconf 83' lang='lat' dir='ltr'>which</span> <span class='ocrx_word' id='word_1_355' title='bbox 1121 4613 1171 4662; x_wconf 86' lang='lat' dir='ltr'>you</span> <span class='ocrx_word' id='word_1_356' title='bbox 1186 4599 1320 4661; x_wconf 84' lang='lat' dir='ltr'>govemed‚</span> <span class='ocrx_word' id='word_1_357' title='bbox 1336 4599 1350 4648; x_wconf 94' lang='lat'>1</span> 
     </span>
    </p>

    <p class='ocr_par' dir='ltr' id='par_1_9' title="bbox 142 4662 1354 4989">
     <span class='ocr_line' id='line_1_37' title="bbox 170 4662 1354 4729; baseline 0 -16"><span class='ocrx_word' id='word_1_358' title='bbox 170 4670 227 4729; x_wconf 79' lang='lat' dir='ltr'>soro</span> <span class='ocrx_word' id='word_1_359' title='bbox 247 4667 326 4713; x_wconf 62' lang='lat' dir='ltr'>necis</span> <span class='ocrx_word' id='word_1_360' title='bbox 337 4665 419 4725; x_wconf 81' lang='lat' dir='ltr'>opibus</span> <span class='ocrx_word' id='word_1_361' title='bbox 433 4666 552 4725; x_wconf 78' lang='lat' dir='ltr'>sapientia</span> <span class='ocrx_word' id='word_1_362' title='bbox 569 4663 623 4729; x_wconf 73' lang='lat' dir='ltr'>tria]</span> <span class='ocrx_word' id='word_1_363' title='bbox 657 4664 719 4713; x_wconf 84' lang='lat' dir='ltr'>This</span> <span class='ocrx_word' id='word_1_364' title='bbox 770 4662 1354 4727; x_wconf 83' lang='lat' dir='ltr'>shallboinaskingfavoursanintercessor‚in</span> 
     </span>
     <span class='ocr_line' id='line_1_38' title="bbox 143 4728 1352 4844; baseline -0.001 -65"><span class='ocrx_word' id='word_1_365' title='bbox 143 4730 244 4793; x_wconf 84' lang='lat' dir='ltr'>reading</span> <span class='ocrx_word' id='word_1_366' title='bbox 256 4729 308 4778; x_wconf 73' lang='lat' dir='ltr'>sill</span> <span class='ocrx_word' id='word_1_367' title='bbox 318 4730 390 4778; x_wconf 83' lang='lat' dir='ltr'>make</span> <span class='ocrx_word' id='word_1_368' title='bbox 401 4728 451 4777; x_wconf 81' lang='lat' dir='ltr'>fair</span> <span class='ocrx_word' id='word_1_369' title='bbox 461 4745 539 4790; x_wconf 84' lang='lat' dir='ltr'>sense,</span> <span class='ocrx_word' id='word_1_370' title='bbox 554 4729 624 4778; x_wconf 85' lang='lat' dir='ltr'>‘that</span> <span class='ocrx_word' id='word_1_371' title='bbox 634 4728 655 4777; x_wconf 92' lang='lat' dir='ltr'>it</span> <span class='ocrx_word' id='word_1_372' title='bbox 666 4729 719 4777; x_wconf 82' lang='lat' dir='ltr'>will</span> <span class='ocrx_word' id='word_1_373' title='bbox 770 4729 882 4792; x_wconf 82' lang='lat' dir='ltr'>working</span> <span class='ocrx_word' id='word_1_374' title='bbox 899 4729 949 4792; x_wconf 81' lang='lat' dir='ltr'>(for</span> <span class='ocrx_word' id='word_1_375' title='bbox 964 4744 1028 4793; x_wconf 73' lang='lat' dir='ltr'>your</span> <span class='ocrx_word' id='word_1_376' title='bbox 1048 4728 1163 4778; x_wconf 83' lang='lat' dir='ltr'>interests</span> <span class='ocrx_word' id='word_1_377' title='bbox 1179 4743 1207 4777; x_wconf 90' lang='lat' dir='ltr'>as</span> <span class='ocrx_word' id='word_1_378' title='bbox 1223 4743 1299 4793; x_wconf 86' lang='lat' dir='ltr'>aeger</span> <span class='ocrx_word' id='word_1_379' title='bbox 1312 4731 1352 4844; x_wconf 58' lang='lat' dir='ltr'>ui</span> 
     </span>
     <span class='ocr_line' id='line_1_39' title="bbox 143 4793 1334 4858; baseline -0.001 -14"><span class='ocrx_word' id='word_1_380' title='bbox 143 4811 211 4845; x_wconf 88' lang='lat' dir='ltr'>come</span> <span class='ocrx_word' id='word_1_381' title='bbox 227 4802 254 4843; x_wconf 87' lang='lat' dir='ltr'>to</span> <span class='ocrx_word' id='word_1_382' title='bbox 271 4810 327 4857; x_wconf 86' lang='lat' dir='ltr'>pass</span> <span class='ocrx_word' id='word_1_383' title='bbox 345 4795 378 4857; x_wconf 85' lang='lat' dir='ltr'>by</span> <span class='ocrx_word' id='word_1_384' title='bbox 397 4810 461 4858; x_wconf 84' lang='lat' dir='ltr'>your</span> <span class='ocrx_word' id='word_1_385' title='bbox 476 4799 606 4843; x_wconf 90' lang='lat' dir='ltr'>strenuous</span> <span class='ocrx_word' id='word_1_386' title='bbox 625 4793 715 4855; x_wconf 86' lang='lat' dir='ltr'>aetion,</span> <span class='ocrx_word' id='word_1_387' title='bbox 769 4793 923 4854; x_wconf 84' lang='lat' dir='ltr'>alrinsman,</span> <span class='ocrx_word' id='word_1_388' title='bbox 943 4793 971 4841; x_wconf 92' lang='lat' dir='ltr'>in</span> <span class='ocrx_word' id='word_1_389' title='bbox 989 4793 1112 4842; x_wconf 88' lang='lat' dir='ltr'>influenoe</span> <span class='ocrx_word' id='word_1_390' title='bbox 1133 4808 1181 4842; x_wconf 88' lang='lat' dir='ltr'>one</span> <span class='ocrx_word' id='word_1_391' title='bbox 1200 4794 1334 4858; x_wconf 83' lang='lat' dir='ltr'>popular(</span> 
     </span>
     <span class='ocr_line' id='line_1_40' title="bbox 143 4857 1353 4924; baseline 0.001 -15"><span class='ocrx_word' id='word_1_392' title='bbox 143 4875 273 4918; x_wconf 86' lang='lat' dir='ltr'>resources‚</span> <span class='ocrx_word' id='word_1_393' title='bbox 287 4859 335 4906; x_wconf 92' lang='lat' dir='ltr'>and</span> <span class='ocrx_word' id='word_1_394' title='bbox 347 4858 457 4918; x_wconf 67' lang='lat' dir='ltr'>eisdem,</span> <span class='ocrx_word' id='word_1_395' title='bbox 469 4858 524 4908; x_wconf 60' lang='grc' dir='ltr'>διο)</span> <span class='ocrx_word' id='word_1_396' title='bbox 552 4859 602 4907; x_wconf 89' lang='lat' dir='ltr'>But</span> <span class='ocrx_word' id='word_1_397' title='bbox 613 4858 718 4921; x_wconf 89' lang='lat' dir='ltr'>perhaps</span> <span class='ocrx_word' id='word_1_398' title='bbox 768 4857 842 4922; x_wconf 89' lang='lat' dir='ltr'>hope)</span> <span class='ocrx_word' id='word_1_399' title='bbox 859 4858 921 4907; x_wconf 75' lang='lat' dir='ltr'>aith</span> <span class='ocrx_word' id='word_1_400' title='bbox 934 4858 977 4906; x_wconf 92' lang='lat' dir='ltr'>the</span> <span class='ocrx_word' id='word_1_401' title='bbox 990 4863 1074 4918; x_wconf 85' lang='lat' dir='ltr'>states,</span> <span class='ocrx_word' id='word_1_402' title='bbox 1091 4859 1141 4907; x_wconf 91' lang='lat' dir='ltr'>and</span> <span class='ocrx_word' id='word_1_403' title='bbox 1153 4857 1181 4906; x_wconf 89' lang='lat' dir='ltr'>in</span> <span class='ocrx_word' id='word_1_404' title='bbox 1195 4858 1298 4924; x_wconf 80' lang='lat' dir='ltr'>dignity</span> <span class='ocrx_word' id='word_1_405' title='bbox 1307 4859 1353 4910; x_wconf 83' lang='lat' dir='ltr'>the</span> 
     </span>
     <span class='ocr_line' id='line_1_41' title="bbox 142 4922 1008 4989; baseline -0.005 -14"><span class='ocrx_word' id='word_1_406' title='bbox 142 4923 682 4989; x_wconf 72' lang='lat' dir='ltr'>a&#39;emightreadassuggested,onQ.Fr.iii.</span> <span class='ocrx_word' id='word_1_407' title='bbox 691 4926 715 4984; x_wconf 84' lang='lat'>9,</span> <span class='ocrx_word' id='word_1_408' title='bbox 768 4922 1008 4986; x_wconf 81' lang='lat' dir='ltr'>general-in·ehief.‘</span> 
     </span>
    </p>
   </div>
   <div class='ocr_carea' id='block_1_9' title="bbox 782 4469 1349 4534">
    <p class='ocr_par' dir='ltr' id='par_1_10' title="bbox 782 4469 1349 4534">
     <span class='ocr_line' id='line_1_42' title="bbox 782 4469 1349 4534; baseline 0.004 -15"><span class='ocrx_word' id='word_1_409' title='bbox 782 4471 824 4519; x_wconf 86' lang='lat' dir='ltr'>the</span> <span class='ocrx_word' id='word_1_410' title='bbox 835 4471 903 4519; x_wconf 84' lang='lat' dir='ltr'>word</span> <span class='ocrx_word' id='word_1_411' title='bbox 916 4471 927 4518; x_wconf 94' lang='lat' dir='ltr'>l</span> <span class='ocrx_word' id='word_1_412' title='bbox 940 4469 1134 4532; x_wconf 83' lang='lat' dir='ltr'>preferusingto</span> <span class='ocrx_word' id='word_1_413' title='bbox 1148 4469 1349 4534; x_wconf 80' lang='lat' dir='ltr'>‘yoursaiety&#39;),</span> 
     </span>
    </p>
   </div>
   <div class='ocr_carea' id='block_1_10' title="bbox 0 0 1500 5356">
    <p class='ocr_par' dir='ltr' id='par_1_11' title="bbox 0 0 1500 5356">
     <span class='ocr_line' id='line_1_43' title="bbox 0 0 1500 5356; baseline 0 0"><span class='ocrx_word' id='word_1_414' title='bbox 0 0 1500 5356; x_wconf 95' lang='lat' dir='ltr'> </span> 
     </span>
    </p>
   </div>
  </div>
 </body>
</html>
