2976 5356
480 371 675 441 oenum.
702 371 825 456 (nrm
848 370 902 438 ιι.
925 373 992 457 re).
1288 371 1352 438 195

145 543 180 609 in
202 543 323 625 animo,
347 545 500 632 quoniam
521 545 601 612 iuria
622 545 796 611 dictionem
815 546 1023 625 confeceram,
1046 544 1191 611 civitates
1212 544 1351 631 loeuple-

147 651 264 730 tatam,
279 646 461 735 publicanis
475 649 574 715 etiam
596 649 768 735 superioris
782 648 877 715 lustri
890 649 1016 734 reliqua
1030 649 1099 714 sine
1114 648 1270 714 sociorum
1284 648 1353 714 ulla

145 751 292 837 querella
317 774 549 832 conservarem,
574 752 710 838 privatis
739 752 872 817 summis
894 752 1015 818 intimis
1036 752 1162 817 fueram
1183 751 1353 831 ineundus,

145 854 305 942 proficisci
321 857 357 922 in
372 855 520 922 Ciliciam
535 854 642 923 Nonis
659 854 758 920 Maiis
774 859 817 936 et,
833 856 1065 942 cumprimum
1086 856 1207 921 aestiva
1222 855 1350 940 attigis-

148 980 217 1024 sem
235 958 439 1046 militemque
458 958 669 1039 collocassem,
684 959 836 1025 decedere
855 982 895 1025 ex
917 981 942 1024 s.
965 981 992 1024 c.
1039 957 1143 1045 Cupio
1163 962 1196 1025 te
1214 959 1353 1025 aedilem

146 1062 257 1129 videre
275 1062 423 1150 miroque
440 1062 596 1128 desiderio
618 1083 671 1127 me
694 1061 771 1129 urbs
794 1062 904 1128 adficit
928 1066 963 1128 et
980 1084 1091 1128 omnes
1110 1061 1175 1128 mei
1194 1066 1296 1148 tuque
1315 1062 1352 1126 in

146 1187 271 1251 prrmrs.

203 1585 397 1655 CCLVIII.
443 1585 613 1654 CICERO
636 1585 694 1655 ΤΟ
718 1585 760 1659 Q.
784 1585 1025 1654 MINUCIUS
1048 1585 1291 1668 ΤΗΕΒΜΠΒ,

418 1691 647 1758 Pnonnanron
669 1712 710 1756 or
732 1691 818 1757 Asm
842 1691 943 1776 (Fau.
969 1713 1006 1757 11.
1033 1692 1089 1776 ra).

363 1913 457 1972 mm
491 1912 706 1972 aaaron
741 1910 884 1970 n.c.5o;
917 1911 1130 1959 nancraaa.

192 2094 225 2154 Q,
243 2094 352 2146 Thermo
362 2095 436 2145 Asiae
445 2110 526 2159 propr.
539 2096 633 2156 suadet,
652 2101 681 2145 ut
690 2095 809 2145 decedens
822 2100 975 2160 quaestorem
986 2093 1069 2157 potius
1080 2110 1156 2159 quam
1166 2094 1276 2159 legatum
1286 2111 1344 2160 pro·

147 2176 242 2229 vinciae
250 2176 388 2242 praefidat.
421 2176 518 2241 Scripta
528 2177 632 2241 epistola
641 2183 680 2227 est
689 2176 833 2227 Laodiceae.

330 2364 369 2417 ll.
389 2363 525 2419 CICERO
542 2363 619 2419 IhlP.
639 2365 667 2419 S.
686 2362 721 2419 D.
740 2362 773 2422 Q.
793 2361 948 2416 THERMO
968 2361 1171 2416 PROPRAET.

208 2520 240 2585 1.
264 2517 415 2585 Officium
429 2540 538 2583 meum
556 2539 633 2605 erga
648 2516 841 2583 Rhodonem
861 2520 1028 2601 ceteraque
1046 2538 1119 2582 mea
1132 2517 1251 2597 studia,
1266 2540 1349 2603 quae

144 2622 204 2690 tibi
218 2644 259 2689 ao
272 2622 339 2689 tuis
352 2621 508 2708 praestiti,
523 2621 585 2687 tihi
604 2621 729 2687 homini
748 2619 932 2707 gratissimo
950 2623 1045 2706 grata
1061 2642 1129 2686 esse
1143 2619 1349 2688 vehementer

143 2727 284 2815 gaudeo,
298 2725 442 2812 mihique
458 2725 537 2791 scito
556 2726 592 2790 in
612 2726 682 2790 dies
704 2724 819 2790 maiori
838 2745 933 2789 curae
952 2744 1019 2789 esse
1037 2722 1232 2809 dignitatem
1247 2728 1349 2805 tuam

142 2852 227 2917 qnae
241 2828 374 2917 quidem
391 2850 411 2893 a
429 2828 547 2913 teipso
568 2827 758 2914 integritate
781 2831 813 2893 et
833 2826 1004 2892 clementia
1022 2831 1080 2892 tua
1095 2827 1140 2892 sio
1154 2827 1350 2913 amplificata

141 2938 202 3015 est,
226 2937 268 3003 ut
288 2931 374 2999 nihil
397 2930 474 2998 addi
496 2952 587 3015 posse
612 2931 772 2997 videatur.
817 2933 848 2996 2.
872 2930 936 2996 Sed
956 2929 1039 2995 mihi
1060 2931 1165 3017 magis
1182 2931 1351 3018 magisque

141 3036 263 3105 cotidie
284 3037 326 3102 de
344 3033 524 3102 rationibus
542 3034 608 3100 tuis
632 3035 790 3119 cogitanti
810 3035 916 3120 placet
933 3033 1016 3099 illud
1040 3056 1148 3100 meum
1170 3036 1350 3117 consilium,

140 3141 231 3227 qnod
253 3138 349 3206 initio
371 3137 521 3204 Aristoni
543 3140 663 3218 nostre,
694 3141 732 3203 ut
761 3138 804 3203 ad
829 3159 880 3203 me
904 3138 1004 3218 venit,
1027 3138 1163 3220 ostendi,
1181 3161 1297 3226 gram
1317 3146 1351 3207 te

141 3246 367 3330 suscepturum
381 3240 578 3320 inimicitias,
600 3240 628 3305 ei
647 3241 830 3306 adolescens
852 3244 967 3326 potens
985 3244 1019 3306 et
1035 3240 1154 3307 nobilis
1175 3264 1196 3307 a
1209 3246 1242 3308 te
1256 3243 1349 3329 igno·

139 3343 247 3411 ninia
261 3341 407 3408 adiectus
421 3344 513 3406 esset.
558 3338 604 3405 Et
615 3337 745 3405 hercule
759 3339 828 3404 eine
843 3338 941 3405 dnbio
956 3339 1017 3404 erit
1028 3339 1228 3425 ignominia:
1251 3340 1350 3407 habes

139 3447 230 3514 anim
243 3445 408 3511 neminem
422 3442 553 3509 honoria
564 3442 670 3530 gradu
685 3443 890 3528 superiorem.
935 3441 999 3508 Ille
1013 3446 1133 3524 autem,
1148 3447 1186 3509 ut
1200 3444 1349 3511 omittam

137 3548 356 3627 nobilitatem,
371 3546 433 3613 hoa
446 3546 516 3633 ipso
530 3545 632 3612 vincit
646 3546 732 3613 viros
749 3545 887 3632 optimos
906 3544 1114 3632 hominesque
1128 3547 1348 3614 innocentian-

157 3746 280 3847 w
301 3725 404 3792 milla]
440 3729 564 3840 &⁸⁰03
586 3724 650 3839 ald
671 3725 720 3775 had
804 3725 956 3815 L'offlos'um]
983 3725 1123 3777 ‘service':
1141 3728 1231 3789 eludis,
1255 3726 1345 3777 ‘kind-

137 3812 188 3847 vm
271 3807 410 3844 esnmmer
512 3807 546 3839 rs.
643 3806 720 3841 erras
769 3807 835 3841 nass.

138 3860 198 3926 give
211 3862 303 3922 prima,
322 3856 406 3907 which
419 3807 465 3905 llas
480 3856 542 3905 boen
556 3855 651 3905 altered
666 3857 720 3905 into
804 3860 825 3905 2.
844 3854 986 3921 adolescens]
1020 3855 1147 3904 Thiauna
1163 3855 1191 3905 C.
1211 3857 1343 3918 Antonius,

134 3928 247 3987 primam
261 3924 298 3989 by
314 3921 384 3971 Man.
404 3921 454 3970 and
470 3919 632 3983 Wesenberg.
667 3920 717 3970 Ro·
769 3921 812 3970 the
827 3926 891 3970 most
906 3920 1074 3984 insignificant
1091 3920 1119 3970 of
1132 3921 1176 3970 the
1190 3921 1302 3971 brothers
1319 3922 1347 3971 oi

139 3989 240 4053 taining
259 3988 305 4038 tha
326 3985 428 4049 reading
453 3984 481 4034 of
504 3984 546 4034 tho
570 4000 626 4045 rrae,
646 3986 720 4035 could
769 3985 812 4034 the
829 3984 946 4035 triumvir
968 3984 1031 4049 (Cic.
1055 3985 1122 4033 Phil.
1146 3985 1191 4035 vii.
1218 3988 1269 4049 16).
1303 3985 1346 4036 Hc

139 4070 181 4105 va
193 4053 329 4105 maante:
351 4050 431 4099 ‘after
442 4049 455 4098 1
467 4049 517 4098 had
527 4050 604 4100 tahon
615 4048 642 4098 in
652 4049 719 4099 hund
768 4050 872 4109 wished,
887 4049 962 4113 along
980 4049 1042 4098 with
1061 4049 1101 4099 his
1115 4050 1216 4100 brother
1234 4050 1343 4112 Marcus,

139 4115 431 4171 tlrefirrtdutiesoftha
441 4130 549 4163 summer
559 4114 719 4178 campaign't
769 4121 796 4165 to
822 4130 910 4164 accuse
938 4113 1061 4163 Gabinius
1087 4114 1114 4163 in
1135 4117 1182 4166 too
1206 4115 1269 4179 (tt).
1303 4115 1345 4165 Hc

171 4180 336 4270 flffifflwl
367 4180 430 4229 ‘and
441 4186 484 4244 got
494 4178 538 4228 the
548 4179 649 4228 soldiere
660 4195 717 4241 pro·
769 4194 820 4229 was
834 4195 891 4229 now
911 4184 1026 4244 quaestor
1041 4178 1069 4228 of
1088 4179 1218 4229 Thermus.
1253 4179 1279 4229 It
1294 4195 1346 4229 was

138 4248 212 4315 perly
228 4247 325 4313 posted.
371 4244 404 4294 So
420 4243 497 4294 Orelli
508 4243 666 4307 conjectured
679 4243 720 4294 ior
769 4244 841 4293 usual
859 4244 882 4293 it
900 4259 916 4293 a
933 4259 1054 4308 governor
1068 4244 1115 4293 left
1132 4244 1171 4294 his
1188 4245 1304 4308 province
1320 4252 1346 4295 to

139 4316 317 4376 uallumque
330 4309 359 4360 of
372 4308 410 4358 M.
444 4308 499 4359 'she
517 4308 619 4372 reading
634 4308 661 4357 in
675 4308 720 4358 the
769 4315 866 4358 entrust
883 4311 904 4359 it
921 4314 947 4358 to
964 4308 1004 4358 his
1021 4320 1151 4373 quaestor;
1171 4311 1238 4368 thus,
1260 4309 1346 4360 Cicero

138 4378 229 4430 textis
242 4374 341 4429 thatof
354 4374 391 4435 H,
406 4375 455 4423 and
468 4372 491 4424 is
505 4373 600 4438 rightly
613 4374 719 4438 adopted
768 4373 816 4423 left
842 4373 882 4422 hir
909 4380 1033 4438 quaestor,
1063 4373 1162 4424 Caelius
1190 4374 1289 4436 Caldus,
1318 4374 1346 4424 in

140 4441 314 4510 byfltreichor
324 4440 441 4505 (p.1so).
769 4438 859 4502 charge
871 4438 953 4503 (Fam.
966 4439 994 4489 ii.
1010 4441 1049 4500 lt,
1063 4443 1087 4500 4,
1100 4439 1149 4503 Ep.
1162 4439 1293 4505 cclxxiii).
