2976 5356
142 831 205 896 154
492 829 638 896 OOXLI
643 828 680 895 V.
707 829 831 914 (FAM.
855 829 929 894 III.
954 832 1001 912 ί).

138 1003 224 1069 nihil
238 1026 342 1090 nsque
357 1005 399 1069 ad
413 1004 567 1070 honorem
589 1024 694 1088 neque
715 1003 758 1068 ad
778 1001 916 1088 gloriam
935 1003 1167 1089 acquirendum
1185 1007 1344 1091 putarem,

137 1109 333 1194 superiorem
357 1109 488 1195 quidem
514 1128 704 1193 numquam,
731 1107 788 1172 sed
809 1128 921 1193 parem
944 1105 1036 1172 vobis
1057 1129 1110 1174 me
1131 1106 1259 1194 speravi
1280 1128 1346 1172 esse

138 1212 272 1278 laetum.
309 1210 382 1279 Nec
402 1211 584 1278 mehercule
605 1211 700 1276 aliter
713 1209 782 1275 vidi
797 1209 981 1276 existimare
995 1210 1047 1277 vel
1063 1210 1123 1277 On.
1140 1210 1345 1296 Pompeium,

136 1337 236 1401 quem
251 1313 411 1396 omnibus,
427 1315 484 1401 qui
498 1337 654 1400 umquam
670 1313 813 1393 fuerunt,
828 1313 881 1379 vel
895 1313 935 1378 P.
946 1313 1137 1395 Lentulum,
1152 1336 1251 1400 quem
1266 1312 1346 1379 mihi

137 1418 201 1505 ipsi
215 1423 386 1504 antepono.
431 1416 485 1483 Tu
499 1419 526 1483 si
541 1417 636 1483 aliter
649 1416 824 1496 existimas,
839 1416 924 1482 nihil
946 1417 1076 1498 errabis,
1095 1418 1123 1483 si
1144 1417 1257 1504 paullo
1273 1416 1346 1483 dili·

26 1530 32 1539 '
136 1522 278 1608 gentius,
296 1521 428 1607 utquid
443 1520 486 1587 sit
501 1521 648 1606 εὐγένεια,
670 1519 749 1606 quid
768 1521 811 1585 sit
830 1519 983 1586 nobilitas
1002 1520 1183 1607 intellegas,
1198 1519 1345 1586 Atheno-

135 1626 236 1695 dorus
258 1624 419 1691 Sandonis
439 1625 525 1690 filius
545 1625 625 1710 quid
644 1622 754 1690 dehis
773 1622 867 1689 rebus
890 1623 977 1689 dicat
995 1624 1181 1690 attenderis.
1227 1626 1260 1688 6.
1283 1622 1347 1689 Sed

136 1733 176 1794 ut
194 1728 237 1793 ad
251 1749 320 1794 rem
334 1729 474 1809 redeam,
489 1750 542 1793 me
555 1727 618 1793 tibi
636 1749 703 1792 non
725 1727 866 1793 amioum
887 1728 994 1806 modo,
1010 1749 1123 1793 verum
1145 1727 1247 1794 etiam
1268 1727 1347 1792 arni·

134 1830 300 1897 oissimum
315 1832 477 1897 existimes
496 1831 605 1896 velim.
650 1829 801 1897 Profecto
816 1829 966 1897 omnibus
980 1831 1091 1897 officiis
1105 1831 1186 1897 meis
1201 1830 1346 1910 efficiam,

136 1940 175 2001 ut
196 1936 244 2001 ita
265 1958 333 2001 esse
355 1957 429 2002 vere
451 1936 552 2023 possis
572 1935 725 2001 iudicare.
770 1933 823 1999 Tu
843 1939 953 2000 autem
975 1934 1002 1999 si
1021 1933 1057 2001 id
1076 1934 1157 2020 agis,
1181 1939 1220 2000 ut
1239 1935 1348 2000 minus

137 2061 209 2105 mea
228 2062 334 2118 causa,
356 2040 435 2105 dum
452 2061 513 2126 ego
535 2038 649 2118 absim,
664 2036 779 2104 debere
794 2037 943 2119 videaris,
961 2059 1058 2124 quam
1073 2059 1134 2124 ego
1147 2041 1208 2104 tua
1221 2036 1346 2104 labora·

139 2142 213 2223 rim,
229 2142 329 2208 libero
343 2146 377 2209 te
391 2143 454 2209 ista
467 2165 564 2208 cura:

683 2296 760 2383 πάρ’
776 2299 845 2382 ἐμοί
858 2325 895 2384 γε
911 2303 959 2364 καὶ
976 2297 1084 2375 ἄλλοι,

357 2402 388 2467 οἵ
403 2405 435 2468 κέ
447 2428 484 2486 με
499 2406 673 2483 τιμήσουσι,
688 2398 826 2482 μάλιστα
842 2397 873 2467 δὲ
888 2403 1013 2483 μητίετα
1028 2398 1114 2477 Ζεύς.

138 2578 175 2645 Si
190 2584 299 2645 autem
322 2585 440 2644 natura
460 2602 493 2645 es
517 2579 686 2666 φιλαίτιος,
711 2580 795 2645 illud
817 2603 884 2645 non
908 2579 1061 2667 perficies,
1080 2602 1144 2666 quo
1163 2579 1275 2646 minus
1293 2583 1349 2646 tua

139 2705 235 2748 eausa
250 2683 369 2748 velim:
393 2682 452 2748 hcc
467 2684 650 2769 adsequere,
671 2689 708 2750 ut
728 2706 825 2769 quam
841 2685 877 2750 in
892 2690 1019 2770 partem
1035 2689 1073 2748 tu
1087 2684 1225 2769 accipias
1240 2684 1347 2749 minus

139 2786 290 2851 lahorem.
336 2786 430 2852 Haec
445 2787 487 2851 ad
502 2792 534 2852 te
549 2787 660 2872 scripsi
674 2787 816 2867 liberius,
835 2788 937 2853 fretus
958 2788 1151 2852 conscientie
1173 2787 1272 2853 officii
1286 2787 1347 2852 mci

139 2888 455 2975 benevolentiaeque,
480 2912 578 2974 quam
602 2913 622 2954 a
644 2912 697 2956 me
718 2896 804 2958 certo
826 2892 945 2957 iudicio
966 2896 1156 2977 susceptam,
1181 2892 1292 2978 quoad
1312 2895 1347 2956 tu

140 2993 236 3072 voles,
253 2992 454 3058 conservabo.

141 3219 169 3252 as
187 3205 312 3265 ἐπιστήμη
339 3205 455 3266 ἰσότητος
481 3210 508 3256 ἐν
530 3210 650 3273 κοινωνίᾳ)
668 3210 717 3257 and
767 3209 810 3258 tha
828 3208 997 3258 disturbauces
1018 3207 1047 3257 in
1065 3208 1108 3257 the
1126 3207 1179 3271 city
1197 3207 1296 3258 exeitcd
1313 3207 1344 3271 by

141 3271 339 3330 εὐσυνιιλλοξίοτ
359 3287 398 3334 cp.
416 3271 505 3333 Zeller,
520 3275 604 3333 Stoico,
617 3290 643 3336 p.
657 3278 714 3334 260,
766 3276 888 3336 partisans
900 3274 927 3323 of
937 3273 1069 3332 Antonius,
1078 3273 1125 3321 but
1135 3272 1178 3320 did
1189 3280 1235 3322 not
1246 3273 1345 3322 aueoeed

139 3333 205 3396 Eng.
218 3334 306 3383 Trans.
767 3338 859 3387 1111110
871 3338 1010 3387 overthrow
1022 3338 1050 3387 01
1063 3337 1105 3387 the
1120 3337 1202 3386 latter.
1241 3337 1283 3386 Ile
1293 3336 1345 3386 died

173 3400 232 3459 quid
241 3402 273 3446 ait
286 3400 404 3461 εὐγένεια,
419 3403 478 3460 quid
488 3404 520 3448 eit
532 3402 656 3467 nobilitas]
672 3401 715 3452 i.e.
767 3409 793 3451 at
805 3403 903 3462 Tarsus,
923 3405 984 3465 aged
997 3407 1036 3450 82.
1072 3403 1121 3450 101
1137 3402 1178 3450 his
1191 3401 1342 3465 philosophi·

138 3462 182 3512 the
194 3463 325 3512 difference
342 3465 453 3513 between
469 3465 552 3514 them:
571 3483 608 3529 cp.
628 3467 715 3530 Eurip.
768 3468 805 3516 eal
816 3467 906 3527 vorke,
918 3483 958 3516 seo
969 3467 1036 3517 Dict.
1051 3466 1134 3529 Biogr.

139 3529 234 3589 Dictys,
249 3529 351 3591 fragll,
367 3530 402 3578 εἷς
415 3529 436 3578 δ’
451 3532 576 3592 εὐγένειαν
588 3533 653 3594 ὀλίγ’
667 3535 717 3594 ἔχιν
801 3537 825 3580 6.
844 3535 907 3580 siid
922 3529 1190 3606 opis...lalcrorim]
1228 3531 1269 3581 ‘if
1284 3546 1344 3594 your

140 3592 232 3655 φράσοι
251 3595 324 3643 καλά’
343 3597 356 3641 t
376 3594 421 3653 μὲν
439 3597 487 3657 γὰρ
507 3599 595 3646 ἐσθλὸς
615 3599 718 3658 εὐγενὴς
768 3597 817 3645 aim
828 3596 882 3645 isto
891 3596 921 3645 be
933 3598 1011 3645 under
1022 3596 1069 3646 less
1080 3596 1230 3659 obligations
1241 3604 1269 3645 to
1280 3610 1345 3644 servs

141 3657 218 3719 ἔμοιγ’
232 3658 300 3720 ἁνήρ,
314 3662 327 3706 t
340 3660 361 3708 δ’
374 3661 514 3720 cheternes,
531 3664 576 3710 atr
591 3663 718 3722 ἀμείνονος
767 3678 810 3725 my
832 3661 947 3710 interests
968 3661 1061 3710 thanI
1084 3661 1183 3710 exerted
1205 3661 1300 3725 myselt
1319 3661 1344 3709 in

139 3724 231 3784 πατρὸς
259 3726 334 3782 Ζηνὸς
367 3724 473 3791 πεφύκῃ,
505 3728 627 3788 δυσγενὴς
655 3728 717 3776 eluar
768 3742 851 3790 yours,
866 3726 878 3774 Ι
891 3727 944 3774 free
955 3743 1005 3789 you
1014 3726 1079 3775 from
1090 3726 1123 3774 all
1134 3726 1259 3790 auxiety.’
1295 3725 1344 3775 The

141 3790 216 3836 δοκεῖ.
768 3789 900 3854 quotation
916 3791 938 3839 is
954 3791 997 3840 the
1013 3792 1082 3855 reply
1094 3790 1121 3839 ot
1131 3791 1305 3853 Agamemnon
1319 3800 1344 3839 to

173 3851 353 3965 Athenodorual]
387 3852 495 3903 AStoie
510 3854 641 3917 professor,
654 3856 717 3905 horn
768 3855 885 3914 Achilleo,
900 3854 972 3917 Iliad,
993 3856 1011 3904 i.
1031 3858 1085 3906 174,
1121 3855 1148 3903 If
1162 3856 1249 3905 Cicero
1264 3871 1345 3906 means

139 3922 165 3964 at
178 3915 321 3965 Kanunear
353 3933 431 3967 arcus.
466 3919 507 3967 lle
524 3919 545 3968 is
564 3920 640 3969 called
659 3925 718 3969 ‘son
767 3936 817 3984 any
829 3919 920 3982 special
931 3936 1019 3982 person
1029 3920 1064 3985 by
1076 3920 1141 3981 Ζεύς,
1160 3921 1182 3970 11
1193 3922 1215 3969 is
1226 3921 1344 3986 probably

139 3980 168 4029 of
195 3980 309 4042 Sandon,'
345 3988 370 4031 to
397 3983 546 4047 distinguish
573 3985 626 4033 him
652 3985 718 4034 from
768 3984 907 4047 Pompeius.

140 4045 312 4095 Athenodorus
327 4047 354 4096 ol
366 4047 464 4109 Tarsus,
481 4049 717 4112 surnamedCordy-
800 4066 870 4111 qoam
883 4052 909 4097 ta
917 4056 1012 4110 partem
1024 4055 1051 4097 tu
1062 4049 1176 4113 accipiar]
1212 4050 1287 4100 ‘hovv
1297 4064 1344 4114 you

140 4109 200 4158 lion.
237 4112 278 4160 He
295 4112 361 4160 lived
379 4112 406 4160 in
425 4113 560 4163 cultivated
578 4115 672 4177 society
691 4120 718 4163 at
766 4113 874 4162 takcit)
910 4112 958 4162 We
974 4130 1021 4163 ean
1036 4114 1090 4163 talk
1105 4114 1132 4164 ol
1148 4113 1345 4179 takiugathiug

140 4173 219 4224 Rome
233 4176 296 4238 (att.
316 4176 368 4225 xvi.
391 4181 429 4236 11,
450 4183 481 4233 4;
504 4183 541 4237 14,
560 4182 594 4239 4),
608 4181 656 4227 and
667 4195 718 4228 was
767 4178 795 4227 in
807 4179 853 4226 bad
865 4184 928 4240 part.

140 4238 183 4288 the
192 4247 259 4289 tutor
267 4241 433 4303 ofitugustus,
445 4243 506 4291 with
514 4243 594 4292 whom
603 4244 634 4291 he
642 4243 717 4292 citer·
800 4243 1025 4309 benevolentiaeque]
1061 4243 1221 4305 ‘kindliness,
1232 4243 1344 4294 whiches

143 4306 220 4353 warde
237 4305 285 4353 had
302 4306 376 4354 much
392 4306 523 4356 influente.
559 4308 649 4359 111721
666 4309 717 4372 (33)
768 4306 857 4356 Ihcve
868 4308 1024 4370 deliberately
1035 4309 1139 4371 adopted
1151 4309 1280 4370 it‚Ishell
1291 4324 1343 4360 con·

140 4367 173 4417 ho
183 4371 298 4420 returned
309 4378 335 4420 to
347 4370 437 4421 Tarsus
447 4379 473 4422 to
484 4380 524 4437 try
536 4374 585 4422 and
595 4374 718 4423 moderate
767 4375 837 4422 tinuc
848 4378 874 4422 10
885 4373 954 4422 show
964 4389 991 4422 as
999 4373 1058 4438 long
1068 4390 1095 4423 as
1105 4390 1153 4436 you
1164 4375 1248 4425 wishl
