2976 5356
426 382 725 452 cornuum.
750 383 871 467 (mn
892 382 995 451 xm.
1017 382 1062 465 r).
1276 382 1340 448 259

137 557 231 644 quin,
241 559 349 644 quoad
356 557 453 644 plane
460 557 735 642 valeas,teneque
745 554 1340 642 navigationinequeviaeoommittas.

137 660 228 728 Satis
242 666 276 728 te
292 664 418 728 mature
438 660 558 742 videro,
578 659 606 726 si
624 660 721 746 plane
742 659 967 725 confirmatum
986 658 1107 725 videro.
1151 658 1204 726 De
1217 659 1341 726 mediae

138 768 176 832 et
188 768 228 831 tu
241 765 325 832 bene
339 765 516 831 existimari
530 762 642 831 soribis
655 768 688 829 et
703 785 763 849 ego
777 763 822 829 sio
837 761 944 829 audio.
977 761 1043 829 Sed
1053 763 1149 848 plane
1163 762 1343 829 curationes

138 867 211 934 eius
225 890 291 935 non
306 867 414 954 probo.
445 866 505 934 Ius
519 867 607 933 enim
615 866 760 932 dandum
770 865 832 932 tibi
845 887 912 931 non
926 863 1001 945 luit,
1016 887 1091 931 oum
1105 868 1344 953 κακοστόμαχος

139 994 235 1052 esses,
251 973 306 1039 sed
320 976 430 1038 tamen
445 976 479 1038 et
493 972 535 1037 ad
549 971 644 1036 illum
659 969 769 1056 eoripsi
781 973 926 1035 aoourate
940 973 972 1035 et
985 970 1027 1035 ad
1038 967 1212 1055 Lysonem.
1240 971 1271 1034 2.
1287 968 1345 1037 Ad

141 1074 279 1142 Curium
292 1098 378 1155 vero,
399 1075 624 1142 suavissimum
645 1072 810 1139 hominem
832 1076 865 1138 et
886 1072 1004 1138 summi
1021 1072 1118 1138 offioii
1137 1094 1343 1160 summaeque

138 1179 363 1258 humanitatis,
379 1178 484 1244 multa
497 1177 630 1263 soripsi:
652 1176 688 1242 in
702 1175 753 1242 his
767 1177 874 1255 etiam,
890 1180 937 1255 ut,
952 1175 980 1241 si
994 1174 1056 1241 tibi
1066 1176 1238 1257 videretur,
1253 1181 1286 1243 te
1301 1177 1344 1242 ad

140 1282 344 1349 setraferret.
376 1281 466 1366 Lyso
481 1281 569 1346 enim
583 1282 693 1346 noster
702 1301 813 1347 vereor
827 1300 869 1345 ne
883 1279 1108 1366 neglegentior
1124 1280 1184 1360 sit3
1200 1280 1343 1367 primum

141 1385 220 1472 quia
233 1407 343 1452 omnes
358 1383 482 1464 Graeci,
497 1384 614 1450 deinde
626 1383 723 1469 quod,
738 1404 812 1449 oum
827 1405 847 1448 a
860 1404 913 1447 me
926 1382 1051 1449 litteras
1065 1382 1245 1469 aooepisset,
1260 1383 1343 1449 mihi

140 1488 250 1555 nullas
265 1487 408 1568 remisit;
431 1487 488 1553 sed
505 1509 581 1553 eum
600 1490 638 1552 tu
658 1486 792 1552 laudas:
815 1489 854 1552 tu
874 1484 977 1571 igitur
995 1485 1075 1571 quid
1097 1485 1282 1553 faoieudum
1301 1487 1344 1554 sit

139 1590 308 1658 indieabis.
352 1590 453 1672 Illud,
478 1590 525 1656 mi
546 1587 636 1670 Tiro,
658 1593 692 1655 te
713 1610 803 1676 rogo,
826 1592 959 1674 sumptu
977 1609 1019 1654 ne
1039 1611 1151 1674 pareas
1165 1590 1233 1654 ulla
1247 1591 1283 1655 in
1297 1615 1342 1671 re,

141 1694 229 1781 quod
242 1695 285 1760 ad
298 1693 519 1761 valetudinem
533 1713 614 1778 opus
635 1691 687 1758 sit.
732 1690 853 1778 Soripsi
875 1692 917 1757 ad
939 1689 1084 1771 Curium,
1107 1693 1193 1778 quod
1208 1693 1342 1760 dixisses

142 1798 252 1865 daret:
274 1797 398 1864 mediae
419 1796 482 1882 ipsi
503 1800 582 1882 puto
604 1794 727 1882 aliquid
750 1794 896 1860 dandum
918 1816 994 1874 esse,
1018 1817 1082 1882 quo
1102 1794 1145 1861 sit
1159 1796 1340 1863 studiosior.

140 1901 172 1967 3.
196 1897 453 1967 Innumerabilia
480 1903 538 1965 tua
566 1903 643 1964 sunt
670 1899 707 1965 in
744 1919 797 1964 me
829 1897 940 1977 offioia,
970 1898 1155 1979 domestica,
1191 1899 1343 1980 forensia,

139 2002 275 2084 urbana,
304 2001 534 2089 provincialia:
556 2001 593 2066 in
620 2024 656 2068 re
685 2000 823 2088 privata,
851 2000 888 2066 in
917 2000 1055 2088 publiea,
1084 2001 1121 2066 in
1150 2003 1276 2082 studiis,
1306 2004 1342 2068 in

139 2106 257 2174 litteris
282 2105 408 2171 nostris.
453 2103 573 2171 Omnia
593 2103 716 2185 vioeris,
742 2104 779 2185 si,
808 2108 847 2170 ut
869 2126 971 2190 spero,
997 2108 1031 2170 te
1053 2105 1199 2171 validum
1222 2105 1342 2173 videro.

140 2208 216 2298 Ego
230 2212 310 2296 puto
323 2212 357 2274 te
370 2207 553 2290 bellissime,
568 2207 596 2274 si
609 2211 694 2274 reete
709 2207 781 2289 erit,
796 2228 870 2273 oum
885 2209 1051 2293 quaestore
1061 2206 1217 2275 Mesoinio
1233 2209 1344 2275 deaur-

142 2336 263 2381 surum.
308 2312 387 2380 Non
408 2312 605 2379 inhumanus
626 2316 674 2379 est
695 2315 802 2399 teque,
825 2315 863 2377 ut
884 2310 966 2377 mihi
985 2311 1072 2377 visus
1091 2315 1150 2393 est,
1165 2312 1284 2399 diligit,
1300 2316 1343 2393 et,

141 2441 214 2485 oum
242 2416 423 2484 valetudini
451 2419 526 2482 tuae
555 2415 801 2502 diligentissime
831 2414 1036 2494 oonsulueris,
1066 2418 1148 2497 tum,
1179 2416 1226 2483 mi
1255 2416 1344 2497 Tiro,

143 2521 298 2588 oonsulito
319 2519 532 2606 navigationi.
575 2518 680 2585 Nulla
700 2518 735 2583 in
757 2541 792 2584 re
813 2517 880 2584 iam
900 2522 934 2589 te
954 2518 1106 2584 festinare
1119 2519 1204 2585 volo.
1248 2519 1345 2587 Nihil

142 2623 251 2692 laboro
264 2622 329 2689 nisi
339 2626 378 2688 ut
391 2621 498 2687 salvus
512 2621 565 2687 sis.
610 2622 641 2686 4.
665 2620 719 2687 Sia
732 2619 861 2702 habeto,
872 2622 919 2687 mi
930 2620 1018 2703 Tiro,
1029 2622 1192 2688 neminem
1206 2645 1273 2689 esse
1287 2625 1345 2709 qui

89 2728 94 2745 '
145 2749 194 2795 me
209 2730 298 2793 amet
312 2725 393 2812 quin
406 2725 492 2791 idem
507 2730 540 2791 te
555 2730 652 2804 amet,
667 2729 701 2790 et
715 2745 789 2789 oum
803 2727 861 2790 tua
876 2727 909 2790 et
923 2745 996 2790 mea
1009 2724 1150 2791 maxime
1164 2726 1298 2793 interest
1312 2731 1346 2793 te

146 2832 248 2898 valere
257 2834 329 2897 tum
343 2828 456 2895 multis
470 2833 517 2895 est
532 2850 636 2894 aurae.
659 2827 788 2909 Adhuo,
801 2827 881 2893 dum
889 2825 971 2893 mihi
984 2827 1076 2893 nullo
1085 2828 1155 2895 loeo
1166 2830 1274 2896 deesse
1283 2830 1343 2910 vis,

145 2954 322 3020 numquam
335 2935 369 2997 te
388 2931 576 2997 oonfirmare
595 2930 740 3017 potuisti.
785 2929 884 2997 Nune
902 2934 936 2996 te
955 2929 1040 2996 nihil
1054 2930 1211 3016 impedit:
1236 2934 1345 3000 omnia

146 3036 277 3125 depone,
292 3035 416 3121 eorpori
430 3033 523 3100 servi.
568 3033 735 3105 Quantam
749 3033 955 3122 diligentiam
969 3034 1005 3100 in
1019 3033 1240 3102 valetudinem
1254 3042 1346 3104 tuam

175 3282 199 3329 1.
209 3275 311 3343 mico]
328 3274 457 3326 Hisnams
467 3289 519 3324 was
526 3274 639 3338 Asolapq
649 3274 719 3325 Fam.
770 3276 798 3327 oi
816 3276 867 3326 this
886 3276 1021 3327 Mescinius
1040 3276 1124 3327 Rufus
1145 3293 1172 3328 as
1191 3295 1206 3328 a
1225 3286 1346 3344 quaestor.

145 3344 194 3394 xvi.
221 3345 247 3404 9,
266 3345 291 3405 2,
312 3341 360 3405 Ep.
382 3340 488 3390 nexuit:
510 3355 550 3403 op.
570 3339 641 3390 Fam.
664 3340 719 3390 xiii
771 3341 812 3391 He
823 3343 895 3392 could
905 3342 1024 3391 notleave
1035 3341 1257 3407 hirnusgovomor
1267 3348 1296 3394 of
1304 3346 1347 3395 tha

145 3410 182 3459 20.
769 3407 886 3469 province
896 3407 999 3456 because
1013 3405 1045 3456 ha
1056 3423 1107 3456 was
1118 3411 1183 3470 loru,
1196 3409 1345 3474 libidinosas,

172 3469 324 3536 existimari]
357 3469 474 3532 impera:
492 3485 531 3545 op.
544 3468 617 3519 Brut.
629 3471 671 3519 82.
771 3478 851 3534 tagax,
864 3472 918 3520 Art.
930 3472 965 3521 vi.
979 3474 1002 3532 3,
1017 3475 1040 3530 1,
1053 3470 1102 3534 Ep.
1114 3472 1204 3521 cclxiv.
1217 3489 1223 3520 :
1240 3490 1278 3537 ep.
1292 3475 1346 3524 Aa.

171 3537 230 3602 Ius]
253 3536 367 3612 '‘squpss·
396 3534 490 3597 Celsus,
502 3535 531 3585 ri.
545 3537 585 3596 24,
597 3535 721 3585 mentions
769 3537 805 3584 vi.
817 3540 841 3597 4,
857 3539 879 3598 l,
893 3535 941 3599 Ep.
953 3535 1062 3586 eolxvur
1097 3536 1158 3586 Two
1168 3537 1261 3612 letters,
1274 3538 1346 3589 Fam.
1377 3548 1380 3553 ·

143 3616 202 3717 wll
213 3597 482 3730 adrllilallrlmbldanius
510 3662 600 3714 Curius
626 3679 678 3714 was
704 3678 720 3712 a
767 3600 1002 3729 {edilwald
1012 3602 1348 3718 diwwdlehldlhhildnid

143 3727 719 3860 tt‘lffllllltlll'tt‘tttffta
768 3729 1347 3860 {ssmtlllfflttutffit.t.ttilf

143 3832 263 3912 Atticm,
295 3859 363 3925 Lyso
393 3874 445 3908 was
475 3857 581 3908 Cioero's
610 3858 667 3909 host
693 3863 720 3908 at
769 3858 824 3908 xiii.
838 3859 890 3923 26).
1171 3812 1187 3859 p
1338 3835 1345 3849 ⁶

144 3924 245 3977 Patrae:
269 3940 308 3987 op.
327 3924 398 3973 Fam.
416 3921 472 3971 xiii.
492 3925 531 3971 19.
802 3922 967 3989 decurramus]
1004 3923 1083 3974 ‘have
1104 3930 1199 3974 amost
1218 3924 1348 3991 charming

173 3990 283 4054 sumptu]
314 3989 413 4038 dative:
432 4002 472 4050 op.
484 3987 555 4037 Neue
593 3987 633 4037 95.
770 3987 885 4053 voyage!
920 3987 970 4039 For
990 3990 1119 4051 doraum
1149 3993 1190 4039 ‘to
1211 3990 1292 4041 travel
1312 3992 1348 4057 by

173 4054 256 4120 daret]
289 4051 343 4103 The
357 4052 425 4116 snbj.
439 4051 462 4102 is
475 4052 536 4102 used
600 4053 718 4114 rumpat,
769 4052 829 4114 sea,’
842 4069 882 4116 op.
898 4053 946 4105 Ov.
962 4052 1025 4104 Met.
1042 4053 1079 4104 ix.
1096 4056 1152 4117 590,
1171 4060 1269 4118 taloque
1283 4059 1348 4105 mari

144 4134 170 4171 aa
180 4120 225 4171 the
234 4120 310 4169 latter
320 4117 431 4181 signifles
444 4117 529 4167 ‘order
539 4115 573 4180 by
583 4116 675 4167 letter!
769 4120 900 4167 dewrrera

175 4188 200 4235 3.
218 4181 383 4247 arcesserit]
409 4180 560 4245 ‘ifnllgoes
570 4180 647 4231 well)
666 4181 718 4231 Ad·
802 4186 827 4232 4.
846 4189 868 4231 to
893 4182 1042 4247 consternare]
1087 4183 1134 4233 ‘to
1164 4187 1207 4248 get
1236 4185 1348 4250 yourasll

143 4250 215 4300 rerba
225 4264 269 4299 are
279 4249 348 4297 osten
357 4246 436 4296 lound
445 4245 507 4295 with
517 4261 571 4308 aare,
582 4262 604 4296 e.
615 4261 640 4310 g.
650 4248 718 4308 olam,
769 4246 873 4310 strong)

144 4312 201 4364 Liv.
222 4329 247 4365 v.
269 4316 308 4374 36,
327 4313 358 4360 6:
373 4317 478 4373 praeto,
497 4309 568 4360 Fam.
585 4310 621 4359 iv.
635 4313 674 4372 14,
687 4315 718 4360 4:
804 4312 924 4369 Quantam
945 4310 1109 4378 diligentiam]
1150 4313 1182 4365 ‘1
1203 4312 1268 4364 shall
1289 4329 1346 4364 eon·

144 4380 287 4439 ultuma,
297 4376 370 4426 Fam.
381 4375 435 4425 xvi.
449 4377 472 4435 t,
488 4378 509 4437 l,
522 4374 570 4438 Ep.
583 4373 707 4425 cclxxxix.
770 4374 835 4426 uider
848 4374 905 4426 that
915 4392 965 4441 you
980 4376 1055 4428 velue
1067 4393 1108 4428 me
1121 4376 1150 4427 in
1163 4378 1307 4442 proportion
1322 4389 1349 4430 to

175 4441 306 4509 lucinio]
350 4439 437 4492 Cicero
450 4440 502 4491 had
516 4455 532 4491 s
546 4455 607 4505 poor
621 4439 722 4505 opinion
770 4440 1050 4507 theeareyoutakeof
1056 4456 1121 4508 your
1130 4441 1235 4494 health!

1174 4532 1224 4584 Μ.
