2976 5356
136 828 203 897 aee
479 819 667 890 cerem.
693 818 813 907 (arr.
841 820 924 891 vra.
946 820 996 911 a.

136 993 677 1069 timteetimoniietnieetillum
703 992 1349 1065 marmaritanorum

137 1100 319 1171 audiebam.
371 1099 438 1167 Sed
472 1096 782 1186 prarenaitaeaee,
823 1100 864 1165 at
898 1096 1346 1189 mnbmmihipmraadn

137 1201 628 1294 Itaqaeegoiainillamaum,
648 1204 805 1288 quemtu
823 1202 1037 1271 meeeeevia
1080 1200 1349 1273 2Diemlnvnn

138 1332 200 1399 ege
223 1330 352 1397 quoqne
376 1329 418 1374 ex
442 1304 578 1392 epistola
601 1305 745 1393 quadam
770 1308 841 1387 tua,
865 1326 966 1393 qnam
988 1304 1165 1395 incipiente
1189 1304 1354 1377 retenta

137 1413 318 1501 scripseras,
340 1408 423 1477 mihi
442 1412 641 1491 notaveram,
662 1412 697 1475 et
717 1408 1010 1478 animadverteram
1029 1432 1200 1499 paeeepro
1219 1412 1352 1481 renata

136 1520 172 1584 te
184 1536 252 1583 non
270 1512 473 1581 incommode
494 1511 538 1580 ad
557 1532 612 1579 me
629 1510 667 1579 in
684 1510 855 1581 Albanum
872 1512 982 1581 venire
1005 1534 1059 1580 ιιι.
1082 1512 1200 1583 Nonae
1213 1512 1349 1583 Ῑιιιιιι.

138 1617 214 1702 Sed,
237 1616 353 1685 amabo
375 1620 420 1699 te,
441 1614 743 1683 nihilinaemmedo
764 1615 962 1683 valetudinie
982 1616 1107 1685 iecerit.
1151 1616 1247 1693 Quid
1262 1618 1351 1687 enim

138 1725 189 1790 eet
208 1723 339 1788 tantum
360 1719 398 1785 in
418 1738 486 1786 uno
504 1722 564 1786 aut
583 1716 686 1787 altero
708 1718 791 1787 diet
834 1720 867 1787 3.
889 1718 1098 1789 Dolabellam
1117 1720 1217 1789 video
1233 1720 1353 1791 Iiviae

137 1828 332 1893 casamento
357 1844 432 1889 aum
459 1820 587 1890 duobua
614 1820 824 1891 coheredibus
851 1844 921 1891 ecee
944 1822 982 1891 in
1006 1824 1137 1905 triente,
1161 1824 1223 1893 aad
1245 1822 1352 1893 iuberi

137 1932 265 1995 mutare
286 1948 416 1996 nemen.
460 1926 524 1994 Eat
543 1926 712 1995 πολιτικὸν
733 1930 862 2015 σάμμιι,
889 1930 1056 1994 tantumne
1083 1926 1129 1995 tib
1147 1926 1257 1997 nobili
1271 1928 1351 1997 ade·

138 2031 273 2098 leaoenti
286 2034 413 2098 mutare
426 2050 546 2098 nomen
559 2028 705 2097 mulieris
718 2030 923 2097 tectamento.
953 2028 1020 2096 Sed
1032 2029 1069 2097 id
1082 2030 1353 2121 φιλωυφῦτιριν

139 2132 408 2223 διευκρινήσομεν,
430 2155 504 2201 eum
525 2132 661 2200 talemne
681 2136 842 2220 quantum
861 2132 954 2219 quati
966 2132 1011 2200 rit
1023 2132 1060 2200 ln
1072 2132 1205 2203 hianti!
1216 2134 1349 2205 hiutt-

142 2238 175 2303 4.
199 2237 298 2311 Quod
321 2236 446 2324 putanti
465 2234 546 2318 iore,
575 2239 615 2303 ut
641 2238 730 2317 ante,
750 2256 850 2323 qaam
870 2236 956 2303 iatna
979 2234 1134 2317 venirem,
1152 2234 1351 2329 Pompeium

140 2340 293 2421 viderem,
320 2340 445 2407 iactum
465 2342 516 2407 eat
533 2339 590 2407 ita
634 2337 726 2407 Nam
747 2360 796 2405 vt.
818 2336 897 2406 Kal.
916 2338 960 2407 ad
976 2336 1178 2407 Inveniam
1200 2362 1252 2409 ate
1274 2362 1351 2411 ean·

140 2446 269 2511 eeonbre
282 2446 342 2510 eat.
372 2441 455 2509 Una
463 2440 615 2510 Formiae
626 2441 777 2511 venimus
795 2446 830 2511 et
843 2441 886 2511 ab
899 2440 980 2511 hara
992 2446 1107 2511 octava
1118 2442 1165 2511 ad
1176 2464 1353 2535 veepm

141 2550 261 2613 ceoreto
283 2545 432 2612 collocuti
457 2567 577 2612 eumue
623 2545 721 2618 Quod
743 2545 872 2634 quaeris
890 2568 1008 2632 ecquae
1028 2568 1100 2633 epea
1117 2546 1352 2634 pacificationis

141 2651 194 2731 ait,
210 2653 369 2736 quantum
391 2671 431 2715 ex
445 2647 594 2736 Pompeii
614 2649 719 2716 multo
735 2655 768 2715 et
788 2654 936 2716 accurato
959 2672 1103 2717 sermone
1124 2653 1290 2739 perspexi,
1310 2674 1353 2721 ne

141 2755 292 2820 voluntas
307 2753 437 2838 quidem
452 2754 510 2818 est.
556 2751 610 2818 eie
630 2753 718 2819 enim
735 2753 910 2834 existimat,
931 2754 959 2819 ai
975 2753 1031 2819 ille
1045 2752 1099 2820 vel
1112 2754 1249 2822 dimisae
1261 2778 1348 2825 exer·

142 2858 210 2924 citu
223 2857 335 2923 consul
349 2856 455 2921 faetus
476 2856 529 2936 eil,
554 2859 715 2943 σύγχυσιν
736 2867 792 2934 τῆς
814 2858 979 2934 πολιτείας
994 2856 1073 2923 fore.
1118 2857 1235 2944 Atque
1253 2860 1347 2927 eliam

142 2963 237 3047 putat
245 2983 330 3038 eum,
343 2982 417 3025 cum
428 2959 568 3024 audierit
577 2963 688 3025 contra
702 2981 735 3025 ae
750 2960 925 3047 diligenter
938 2960 1055 3047 parari,
1070 2962 1279 3031 conatrlatum
1291 2962 1351 3031 hee

143 3085 229 3129 anne
243 3062 467 3148 neglecturum
482 3084 519 3128 aa
532 3062 641 3148 petius
660 3064 836 3130 exercitum
855 3063 1119 3150 provinciamque
1132 3069 1345 3135 retenturam

142 3166 202 3233 sin
216 3173 326 3231 autem
340 3165 396 3232 ille
411 3165 542 3246 feneret,
557 3165 763 3234 vehementer
773 3167 938 3234 hominem
948 3166 1175 3235 contemnebat
1189 3173 1226 3236 et
1239 3171 1305 3237 auia
1317 3174 1348 3237 et

142 3269 356 3355 reipublicae
378 3268 477 3355 copiis
497 3269 688 3337 confidebat.
733 3270 823 3344 Quid
843 3270 998 3357 quaeris?
1041 3270 1117 3337 Eoi
1136 3270 1222 3338 mihi
1243 3271 1350 3340 crebro

145 3472 228 3522 ‘what
238 3472 301 3521 need
312 3487 363 3521 vae
373 3470 443 3521 thera
453 3471 494 3522 for
503 3471 564 3522 auch
576 3489 608 3522 an
619 3473 720 3536 empha·
770 3489 803 3522 en
813 3472 930 3536 adoption
945 3473 973 3523 oi
982 3472 1026 3523 the
1041 3473 1103 3522 kind
1117 3474 1263 3527 mentioned
1273 3477 1300 3528 in
1308 3478 1352 3529 the

142 3537 176 3588 tic
196 3537 346 3587 statement?
378 3535 472 3586 Would
492 3544 537 3587 not
555 3553 570 3586 a
587 3553 653 3587 mero
672 3539 721 3588 nod
769 3544 824 3588 tert
845 3539 888 3588 did
909 3545 953 3588 not
975 3538 1074 3588 become
1103 3538 1233 3602 operativa
1248 3542 1289 3592 till
1309 3543 1351 3594 the

142 3602 208 3651 from
218 3617 269 3666 you
281 3600 399 3650 convince
409 3600 484 3651 mei'
770 3602 844 3652 death
860 3603 888 3653 oi
908 3603 951 3653 tha
972 3605 1095 3652 testatrix.
1130 3603 1219 3654 Cicero
1233 3606 1351 3674 jectingly

176 3670 200 3716 2.
228 3668 299 3715 Diem
329 3664 408 3731 turem]
457 3665 500 3716 the
527 3666 576 3730 day
603 3665 631 3716 ei
657 3682 721 3732 your
771 3683 828 3732 eaye
851 3666 872 3717 it
889 3667 911 3716 ie
932 3667 1075 3730 aproblem
1093 3667 1121 3715 in
1141 3669 1217 3718 bauto
1234 3674 1352 3736 potitique

142 3735 226 3795 λῆψις.
771 3734 797 3793 (a
821 3731 912 3782 ‘ceeial
934 3732 1069 3796 problem')
1092 3732 1209 3783 vvhether
1230 3751 1246 3784 a
1267 3752 1350 3803 young

171 3812 218 3857 pra
261 3811 287 3843 rc
329 3793 400 3860 nato]
454 3794 498 3844 ‘in
533 3795 577 3845 the
615 3795 719 3846 eircum-
770 3796 843 3846 noble
864 3796 915 3846 like
935 3796 1064 3846 Dolabella
1084 3795 1175 3846 ehould
1197 3799 1262 3850 chan
1312 3802 1352 3853 hia

143 3858 258 3911 atenaco!
770 3876 842 3911 name
855 3868 882 3910 to
898 3861 956 3910 take
971 3862 1050 3910 under
1067 3877 1083 3910 a
1099 3865 1222 3914 woman‘a
1259 3866 1266 3878 '
1306 3866 1350 3917 bat

178 3926 241 3982 Quid
250 3925 312 3973 enim
323 3929 357 3972 ert
370 3924 476 3988 tantam]
499 3923 584 3974 ‘what
594 3932 663 3988 great
670 3924 719 3974 dif-
768 3926 836 3985 adda,
859 3932 913 3975 ‘vva
932 3925 996 3974 ehall
1012 3926 1043 3974 be
1058 3924 1113 3975 able
1128 3931 1155 3976 to
1169 3929 1246 3979 reach
1258 3946 1275 3980 a
1286 3946 1351 3982 mare

142 3989 241 4039 serenae
251 3989 308 4037 doce
319 4005 334 4037 a
345 3988 395 4052 day
402 4004 430 4037 or
440 3994 491 4037 twa
501 3989 606 4038 makei'
619 3989 674 4039 that
686 3989 717 4050 ie,
768 3989 888 4040 acientific
905 3989 1013 4040 solution
1028 3990 1101 4040 when
1117 4006 1157 4040 vve
1172 4008 1216 4043 aee
1226 3994 1295 4046 vehat
1308 3995 1352 4047 tte

142 4054 186 4105 the
196 4054 269 4118 delay
279 4053 307 4103 oi
318 4069 333 4102 a
343 4054 392 4117 day
403 4068 430 4101 or
440 4059 491 4102 tvo
505 4052 533 4101 in
548 4070 613 4118 your
621 4054 720 4119 joining
768 4054 836 4104 third
847 4054 875 4103 oi
888 4070 904 4103 a
917 4055 985 4104 third
1000 4059 1114 4105 amounte
1126 4062 1154 4105 ta
1169 4056 1200 4106 in
1214 4058 1268 4111 thia
1278 4061 1348 4112 eme!

142 4135 182 4168 me
193 4118 215 4167 ia
226 4118 254 4169 oi
263 4134 296 4167 no
312 4116 464 4180 importance
472 4134 479 4175 ;
497 4117 614 4232 literallp‚
635 4119 720 4168 ‘what
770 4118 899 4168 Dolabella
914 4119 957 4168 did
973 4126 1018 4168 net
1033 4125 1119 4182 accept
1139 4119 1186 4171 the
1207 4122 1351 4191 legacy-at

143 4182 226 4233 iathe
244 4183 317 4231 velue
336 4182 364 4232 oi
380 4198 396 4231 a
414 4183 462 4246 day
481 4196 508 4231 ar
529 4187 581 4231 two
609 4184 720 4233 '‘what
769 4183 833 4234 leaet
842 4183 875 4233 he
886 4183 928 4233 did
938 4190 983 4234 not
994 4183 1233 4248 changahiename.

143 4248 201 4298 does
212 4264 227 4296 a
238 4249 286 4312 day
301 4262 328 4295 or
345 4252 396 4297 two
410 4252 513 4297 amount
529 4247 589 4297 toi’
610 4247 660 4298 'uet
669 4248 721 4298 like
803 4252 828 4297 4.
846 4264 875 4297 ae
890 4251 1000 4298 colereter
1014 4251 1108 4312 quidem
1124 4249 1171 4315 ort]
1204 4252 1302 4317 thatin,
1319 4270 1350 4306 ω

143 4315 204 4375 qaid
225 4315 257 4360 eit
279 4314 306 4360 ιἰι
328 4314 425 4361 tricatio
444 4314 528 4360 triente
549 4311 577 4360 in
627 4328 641 4362 e
661 4318 723 4363 next
770 4312 813 4363 the
824 4318 880 4376 part
890 4315 918 4363 el
927 4312 1067 4376 Pompeiae.

143 4376 245 4427 aeetian.
804 4379 845 4426 Sic
866 4380 929 4427 enim
950 4377 1084 4444 nietimet]
1121 4377 1181 4430 ‘the
1235 4381 1306 4434 inian
1325 4383 1353 4435 ol

178 4445 201 4490 3.
228 4444 255 4489 in
283 4439 381 4507 triente]
426 4439 555 4489 Dolabella
581 4439 644 4490 vrith
671 4447 722 4492 twa
772 4441 1163 4505 Pompeiuaiethatiianearie
1232 4448 1349 4511 aeunni,

144 4505 239 4557 ceheire
249 4522 300 4554 vae
315 4504 404 4554 named
420 4520 447 4555 ae
462 4504 553 4555 hairto
563 4502 580 4565 l
591 4505 619 4554 ei
629 4505 723 4556 Livia'e
772 4522 835 4556 even
851 4522 883 4556 on
899 4506 1046 4572 diabanding
1062 4507 1101 4558 hia
1117 4507 1209 4573 forceo,
1221 4512 1352 4565 raama

144 4576 231 4631 aetate,
244 4586 271 4619 eo
281 4569 313 4618 he
322 4569 405 4619 would
415 4569 507 4619 inherit
518 4569 560 4619 anl
584 4569 634 4630 §oi
644 4569 660 4629 l
671 4569 723 4632 or}
773 4570 826 4621 vill
835 4570 867 4620 be
878 4586 893 4620 a
904 4587 962 4634 ceap
972 4572 997 4621 d'
1009 4571 1078 4622 e'tat.’

145 4637 172 4686 ef
182 4635 226 4685 the
236 4634 316 4684 whole
333 4640 418 4693 catate,
435 4635 484 4683 and
499 4633 543 4684 the
559 4586 589 4683 be
607 4640 662 4684 ueet
672 4651 723 4686 tvae
801 4635 904 4703 parari]
940 4636 1013 4686 ‘that
1048 4637 1202 4701 reparatione
1216 4655 1260 4691 ate
1276 4641 1351 4709 being

145 4700 245 4750 aaddled
256 4698 318 4748 with
332 4699 376 4748 the
391 4699 516 4749 condition
527 4651 624 4749 thatlre
635 4699 724 4750 ehould
773 4700 865 4760 mada,'
878 4717 893 4750 a
904 4701 968 4764 good
978 4653 1136 4764 expssnadon
1152 4703 1182 4753 oi
1193 4704 1239 4755 the
1249 4707 1353 4757 miae

146 4765 241 4829 change
251 4764 291 4813 hia
301 4779 382 4823 name,
396 4763 478 4814 which
485 4780 536 4813 vae
544 4763 622 4814 called
629 4767 724 4826 adoptio
773 4780 818 4814 uae
837 4763 944 4815 aiverbe
963 4767 1117 4817 commented
1133 4782 1168 4818 en
1185 4768 1215 4820 in
1231 4769 1277 4823 the
1295 4776 1352 4823 nait

145 4832 173 4878 in
190 4845 272 4878 nornen
288 4835 310 4876 ct
321 4829 457 4892 familiam.
491 4828 618 4878 Alloman
628 4845 725 4879 women
774 4845 806 4880 en
819 4829 1098 4894 §tofthalaetletten

146 4893 722 4959 eouldnotadoptthueduringherliie,thatia,
800 4894 911 4963 fureret]
944 4894 1076 4960 Pempeiue
1097 4895 1209 4965 thought
1227 4897 1354 4969 itpvorld
