2976 5356
496 395 705 461 oenrrrr.
732 395 854 482 (ιιιιι.
878 397 930 461 ιι.
954 399 1022 481 17).
1298 399 1362 465 aar

160 567 210 636 Do
235 592 415 637 sueoessors
436 592 509 637 meo
534 569 619 634 nihil
644 569 755 635 audivi
779 590 875 652 neque
901 591 1095 656 quemquam
1118 571 1189 639 iore
1214 573 1361 640 arbitror.

161 672 249 746 Quin
266 676 310 740 ad
330 676 417 741 diem
439 674 591 740 decedam
612 673 704 739 nulla
725 696 820 738 eausa
841 677 899 752 ost,
922 676 1109 760 praesertim
1127 675 1253 743 sublato
1272 680 1361 743 metu

159 775 321 845 Parthico.
368 778 647 844 commoraturum
669 799 722 842 me
741 799 902 863 nusquam
925 800 1001 843 sane
1024 778 1181 846 arbitror:
1206 779 1361 847 Rhodum

158 879 350 947 (lioeronum
379 904 474 946 eausa
507 902 679 966 puerorum
709 902 907 946 aooessurum
936 885 1026 967 puto,
1066 905 1169 968 neque
1194 883 1230 950 id
1251 888 1361 949 tamen

157 989 290 1050 eertum.
335 984 392 1047 Ad
416 982 529 1048 urbem
554 983 627 1048 volo
651 1006 749 1069 quam
773 983 916 1070 primum
942 985 1060 1063 venire,
1085 987 1141 1051 sed
1164 990 1274 1052 tumen
1298 987 1362 1053 iter

156 1107 265 1153 meum
279 1088 328 1153 rei
341 1086 488 1172 publieae
503 1091 536 1152 et
550 1109 659 1152 rerum
672 1086 870 1153 urbanarum
884 1087 967 1154 ratio
982 1087 1186 1174 gubernabit.
1232 1089 1360 1157 Suooes·

157 1209 205 1256 sor
218 1195 299 1257 tuus
312 1212 380 1256 non
394 1195 498 1275 potest
512 1189 560 1255 ita
573 1194 746 1270 maturare,
761 1191 829 1256 ullo
843 1192 939 1258 modo
953 1202 991 1256 ut
1005 1195 1044 1256 tu
1058 1214 1110 1257 me
1125 1193 1160 1257 in
1169 1193 1251 1258 Asia
1259 1194 1359 1279 pessis

157 1294 336 1360 eonvenire.
380 1294 412 1359 2.
434 1291 486 1357 De
500 1292 680 1358 rationibus
697 1293 874 1359 referendis
894 1315 960 1359 non
982 1299 1052 1360 erat
1072 1294 1312 1364 iuoommedum
1326 1302 1360 1363 te

155 1396 282 1461 nullam
296 1396 426 1474 referre,
443 1418 539 1481 quam
553 1395 615 1461 tibi
630 1395 741 1462 scribis
762 1419 783 1462 a
801 1396 921 1463 Bibulo
936 1397 1005 1462 fieri
1019 1402 1231 1482 potestatem:
1254 1401 1311 1465 sed
1324 1400 1360 1465 id

154 1500 208 1565 vix
223 1499 309 1565 mihi
323 1499 441 1565 videris
454 1522 512 1585 per
525 1499 632 1584 legem
647 1498 770 1564 Iuliam
781 1500 885 1566 faeere
896 1523 997 1587 posse,
1013 1524 1110 1587 quam
1119 1501 1258 1567 Bibulus
1273 1507 1360 1569 oerta

152 1604 298 1689 quadam
312 1603 437 1668 ratione
458 1625 525 1668 non
548 1608 665 1684 servet,
688 1602 749 1669 tibi
771 1626 891 1690 magno
913 1627 1007 1691 opere
1026 1606 1216 1671 servandam
1238 1629 1357 1673 oensoo.

146 1706 180 1772 3.
199 1706 302 1778 Quod
316 1706 427 1772 suribis
435 1707 583 1792 Apamea
596 1708 793 1793 praesidium
802 1708 918 1773 deduoi
932 1729 997 1772 nen
1013 1709 1200 1793 oportuisse,
1211 1709 1360 1776 videbam

143 1808 233 1875 item
247 1814 368 1876 eeteros
382 1810 575 1890 existimare,
597 1811 793 1897 molesteque
814 1810 959 1877 ferebam
980 1812 1020 1876 de
1040 1833 1079 1876 ea
1097 1834 1132 1877 re
1151 1812 1260 1877 minus
1274 1834 1358 1879 oom-

140 1913 266 1979 modos
295 1935 456 1979 sermones
484 1913 717 1980 malevolorum
747 1915 854 1981 fuisse.
900 1913 1014 1979 Parthi
1044 1914 1230 1979 transierint
1258 1938 1359 1982 neone

139 2020 327 2102 praetorto
342 2016 435 2082 video
450 2016 599 2083 dubitare
613 2018 786 2084 neminem.
831 2016 949 2103 Itaque
968 2018 1077 2082 omnia
1092 2017 1260 2102 praesidia,
1277 2041 1359 2104 quae

136 2138 275 2206 magna
288 2124 322 2185 et
336 2118 429 2185 firma
437 2143 636 2205 paraveram,
652 2126 828 2187 oommotus
839 2119 1008 2186 hominum
1023 2141 1090 2185 non
1101 2120 1200 2186 dubio
1214 2143 1359 2188 sermone

138 2222 272 2288 dimisi.
317 2225 350 2287 4.
373 2222 529 2289 Rationes
544 2224 607 2290 mei
617 2224 794 2311 quaestoris
809 2245 867 2289 neo
883 2245 994 2289 verum
1009 2223 1074 2288 fuit
1089 2245 1140 2288 me
1155 2222 1217 2289 tibi
1231 2225 1360 2291 mittere

138 2348 210 2393 meo
225 2330 299 2393 tum
313 2331 407 2392 erant
420 2328 602 2393 eonfeetae:
625 2351 679 2393 eas
697 2351 757 2394 nos
770 2326 936 2413 Apameae
953 2328 1111 2413 deponere
1126 2326 1356 2412 oogitubamus.

141 2425 203 2496 De
219 2431 341 2516 praeda
359 2453 433 2496 mea
446 2435 573 2517 praeter
587 2437 769 2517 quaestores
788 2430 936 2510 urbanos,
952 2431 987 2495 id
1002 2435 1050 2496 est
1064 2431 1222 2516 populum
1237 2430 1357 2498 Roma·

142 2552 242 2611 num,
259 2534 442 2600 tenmoium
456 2557 515 2601 neo
533 2536 644 2622 attigit
658 2558 717 2601 neo
731 2539 876 2601 taetmus
890 2539 939 2601 est
953 2535 1134 2620 quisquam.
1179 2533 1358 2601 Laodioeae

143 2656 203 2702 me
214 2638 349 2722 praedes
363 2642 568 2723 aooepturum
579 2638 717 2705 arbitror
727 2639 832 2704 omnis
840 2639 994 2725 peouniae
1008 2637 1165 2725 publicae,
1180 2642 1218 2703 ut
1233 2638 1358 2705 etmihi

147 2744 185 2805 et
199 2739 321 2826 populo
340 2746 470 2806 oautum
492 2742 534 2807 sit
554 2742 623 2807 sino
639 2747 787 2809 veoturao
806 2742 958 2827 periculo.
1004 2741 1101 2813 Quod
1123 2741 1234 2807 soribis
1248 2743 1290 2807 ad
1305 2764 1357 2808 me

150 2842 193 2908 de
207 2842 398 2909 draehmum
413 2864 546 2923 cccrooo,
561 2845 645 2910 nihil
660 2847 805 2931 estquod
817 2846 853 2911 in
864 2846 927 2911 isto
942 2868 1060 2932 genere
1075 2844 1225 2930 ouiquam
1239 2846 1359 2931 possim

152 2947 362 3013 oommodare.
409 2946 524 3013 Omnis
538 2949 626 3014 euim
641 2952 778 3035 peeunia
791 2951 839 3016 ita
853 2954 1021 3029 traetutur,
1043 2953 1082 3014 ut
1095 2950 1215 3034 praeda
1229 2971 1249 3013 a
1262 2972 1354 3035 prae·

185 3122 325 3171 Moesum
343 3156 350 3170 .
371 3156 377 3169 .
397 3158 403 3170 .
420 3120 564 3187 perorarem]
609 3138 647 3185 op.
672 3125 726 3173 Ast.
778 3123 833 3174 that
844 3125 865 3173 it
877 3140 927 3172 was
942 3139 974 3171 no
989 3122 1046 3178 law,
1059 3137 1086 3170 as
1101 3122 1133 3169 ull
1148 3122 1191 3170 the
1204 3129 1357 3175 enuetments

151 3183 187 3235 ri.
197 3189 220 3247 1,
233 3189 273 3247 12,
287 3184 335 3249 Ep.
348 3185 424 3247 salii,
436 3191 553 3235 Cicerones
559 3191 634 3248 pueri
645 3197 728 3237 asrsaat
778 3190 806 3238 oi
821 3189 910 3238 Caesar
921 3188 948 3236 in
960 3190 1006 3237 695
1024 3187 1076 3250 (59)
1092 3185 1141 3234 hud
1155 3186 1217 3236 been
1232 3190 1319 3251 passed
1330 3190 1357 3239 in

152 3252 215 3299 ister
225 3266 259 3299 ss.
778 3254 887 3303 deflanoe
899 3252 926 3302 of
936 3252 976 3300 his
988 3252 1144 3300 obstantiats'o.

181 3313 261 3381 ratio]
299 3315 395 3365 ‘stata'
812 3320 835 3366 3.
854 3315 1078 3380 sssirussoommodos]
1105 3316 1356 3368 ‘unseasonablstulk

181 3380 221 3429 its
230 3386 364 3440 matrsrars,
377 3379 553 3446 ullomodoat]
582 3380 729 3431 Thisisthe
778 3381 976 3431 ofili-wishem)

150 3444 315 3507 penetustion
325 3447 448 3507 approved
457 3447 489 3509 by
499 3445 651 3510 Wesenberg
662 3446 727 3510 (Eas.
811 3446 965 3511 transierint]
998 3461 1032 3495 so.
1045 3445 1204 3505 Euphratem.

151 3510 216 3569 Ata,
237 3524 264 3572 p.
283 3510 324 3573 4):
346 3510 369 3557 if
387 3509 430 3558 the
447 3526 542 3559 eomma
559 3526 624 3560 vvere
642 3511 729 3574 placed
810 3515 835 3560 4.
853 3510 946 3574 varens]
981 3509 1162 3559 ‘reasonable':
1192 3526 1230 3573 ep.
1254 3510 1354 3572 Mursa,

151 3572 216 3623 after
226 3575 294 3622 modo
307 3589 346 3622 we
359 3573 447 3624 should
463 3575 560 3638 require
576 3578 642 3624 nullo
652 3579 726 3636 ereda
779 3577 818 3633 74,
835 3578 914 3637 Nepet
928 3581 984 3624 vato
995 3590 1075 3624 oerum
1085 3590 1132 3622 esse
1143 3577 1210 3622 allici
1221 3576 1353 3625 beneuolen-

149 3636 286 3687 iustesdef
296 3654 343 3685 nos
361 3675 368 3688 .
388 3675 395 3687 .
415 3676 422 3688 .
440 3641 489 3687 ullo
500 3643 574 3688 ruodo.
608 3640 728 3690 Thasue·
779 3644 837 3688 tiam
849 3643 915 3697 cito,·
932 3642 984 3688 also
1003 3639 1064 3688 Hor.
1082 3638 1163 3701 Epist.
1180 3639 1198 3687 i.
1217 3641 1241 3702 7,
1255 3643 1294 3700 98,
1308 3643 1356 3690 and

149 3716 230 3753 aanor
239 3708 267 3752 to
279 3702 412 3752 Sallustius
423 3719 475 3752 vves
485 3703 516 3753 L.
529 3703 631 3766 Murius,
646 3704 656 3768 t
669 3707 694 3755 t.
777 3705 884 3755 Kiihner
893 3721 926 3754 en
937 3704 1011 3754 Tuae.
1024 3704 1061 3753 iii.
1074 3706 1113 3756 73.

191 3768 216 3816 2.
253 3767 388 3815 rsts'oas'tus
422 3770 563 3834 referendis]
612 3769 651 3845 By
684 3769 727 3819 the
811 3769 947 3835 Apameae]
967 3767 1355 3833 Itisveryquestionsbloifvo

150 3828 240 3881 Julian
256 3830 306 3880 luw
324 3832 410 3894 passed
427 3833 461 3895 by
478 3832 568 3883 Caesar
578 3833 605 3882 in
616 3833 655 3883 lus
671 3850 727 3884 eou-
777 3834 865 3883 should
877 3841 921 3883 not
927 3835 985 3883 read
992 3836 1114 3894 Apaturos
1125 3840 1148 3880 et
1159 3834 1285 3882 Laodiceae
1293 3851 1304 3892 ;
1316 3834 1356 3883 for

150 3894 249 3958 sulahip
266 3896 290 3944 it
308 3911 359 3944 vrrs
378 3897 492 3961 required
510 3898 565 3948 that
583 3898 626 3947 the
640 3914 726 3962 gover-
778 3898 871 3959 Cieere,
885 3905 1037 3947 usamutter
1045 3898 1072 3947 of
1079 3897 1139 3956 fuet,
1148 3897 1190 3945 did
1198 3897 1268 3948 leave
1275 3898 1355 3962 eopies

149 3974 196 4010 nor
211 3960 262 4009 and
276 3959 317 4009 his
330 3968 444 4024 quaestor
454 3961 550 4018 should,
563 3963 647 4012 before
663 3963 728 4012 their
777 3963 803 4012 iu
815 3963 876 4013 both
886 3970 967 4013 towns
980 3963 1061 4025 (l'am.
1073 3978 1098 4009 v.
1112 3964 1151 4021 20,
1165 3962 1201 4023 2).

149 4024 427 4089 departurefromtheir
435 4026 559 4089 province,
570 4026 639 4076 leave
647 4027 728 4090 eopies
812 4028 931 4093 tastum]
960 4029 995 4076 As
1007 4027 1093 4077 Cieoro
1104 4025 1238 4140 generullp,
1250 4025 1278 4075 in
1289 4041 1356 4076 esses

150 4090 179 4139 of
191 4088 260 4139 their
275 4096 392 4139 accounts
402 4091 430 4139 in
440 4097 491 4140 two
507 4094 535 4141 ot
549 4090 591 4140 tho
607 4090 729 4155 prinoipul
778 4091 829 4143 like
851 4093 910 4153 this,
935 4108 991 4141 uses
1013 4092 1054 4140 the
1077 4105 1144 4141 same
1165 4106 1208 4140 ver
1246 4107 1274 4140 ιιι
1295 4090 1356 4141 both

196 4153 390 4203 vinoialtowns.
426 4154 512 4205 Cicero
522 4172 579 4220 says
590 4155 656 4205 their
666 4172 728 4221 neg·
780 4158 882 4218 clauses,
898 4156 1050 4220 Wesenberg
1065 4155 1130 4218 (Em.
1148 4156 1204 4203 Ate.
1223 4155 1249 4219 4)
1266 4154 1356 4205 wishes

210 4217 299 4269 ofthis
309 4224 402 4269 statute
410 4236 461 4269 vas
468 4236 501 4270 uo
507 4220 697 4271 inconvenienee
704 4228 730 4272 to
779 4229 807 4273 to
822 4225 879 4272 read
896 4228 1030 4269 attestamur
1037 4237 1048 4279 ;
1065 4220 1114 4268 and
1128 4226 1155 4267 st
1170 4219 1251 4284 might
1261 4220 1356 4286 readily

151 4280 385 4344 simulaturum
396 4284 529 4334 Sallustius
540 4287 618 4349 ought
628 4292 656 4336 to
666 4285 730 4336 hove
780 4286 844 4336 have
854 4286 931 4336 fallen
942 4292 986 4335 out
998 4284 1081 4334 before
1094 4292 1128 4334 ta.

152 4346 247 4414 obeyed
262 4348 307 4398 the
322 4347 380 4408 law,
394 4349 490 4399 evsnif
506 4349 611 4400 Bibulus
621 4350 730 4415 thought
812 4349 963 4415 drachmum]
991 4349 1070 4413 gerit.
1082 4349 1147 4412 plur.
1178 4347 1356 4399 Fortheferm

152 4410 180 4461 flt
195 4421 224 4463 to
239 4411 305 4463 diere
376 4412 398 4462 it
407 4413 585 4465 foradefiuite
600 4431 687 4466 reason
702 4416 731 4466 of
781 4432 819 4479 ep.
836 4414 914 4465 Varro
933 4414 964 4464 L.
973 4414 1002 4464 L.
1018 4414 1054 4463 ix.
1072 4416 1113 4464 85.
1148 4413 1272 4463 Biieheler
1287 4414 1358 4464 reads

151 4474 191 4528 his
204 4492 273 4529 orru.
329 4476 423 4542 italus,
437 4478 466 4529 of
479 4495 573 4541 eourse,
589 4479 731 4532 considered
780 4481 824 4530 tha
853 4478 969 4529 Plautina
998 4479 1064 4529 form
1094 4480 1259 4529 reassumam.
1303 4477 1357 4529 The

1187 4557 1242 4617 Qu
