2976 5356
139 794 197 855 168
495 792 612 859 CCLI.
635 792 756 876 (ΕΔΜ.
780 792 889 857 XIII.
914 791 982 875 63).

137 987 316 1050 numquam
329 965 377 1032 rei
391 965 538 1052 publicae
551 966 636 1052 plus.
681 964 746 1032 Sed
760 966 803 1031 ad
816 988 885 1032 rem
899 967 1005 1034 redeo.
1049 965 1214 1032 Meditare
1228 965 1344 1032 adven

136 1091 189 1134 sus
203 1067 346 1134 Brutum
366 1092 495 1135 causam
515 1092 632 1147 meam,
660 1069 688 1136 si
710 1069 790 1136 haec
815 1091 912 1136 eausa
931 1075 989 1149 est,
1008 1073 1241 1154 contraquam
1259 1067 1345 1135 nihil

137 1171 270 1238 honeste
299 1173 363 1238 dici
391 1177 507 1259 potest,
537 1174 725 1261 praesertim
759 1195 833 1239 eum
861 1174 1025 1261 integram
1054 1195 1122 1240 rem
1151 1177 1185 1239 et
1212 1194 1344 1239 oausam

136 1275 331 1361 reliquerim.
389 1278 439 1342 14.
464 1275 605 1363 Reliqua
635 1282 713 1344 sunt
734 1278 919 1344 domestica.
963 1277 1016 1343 De
1045 1275 1212 1364 ἔνὸομΰχῳ
1241 1274 1347 1362 probo

137 1378 234 1460 idem,
250 1380 337 1466 quod
351 1384 398 1459 tu,
414 1380 601 1447 Postumiae
622 1381 700 1460 filio,
724 1382 878 1467 quoniam
899 1381 1054 1448 Pontidia
1074 1385 1230 1466 nugatur.
1276 1376 1345 1446 Sed

136 1483 253 1548 vellem
276 1484 409 1550 adesses.
454 1487 488 1550 A
511 1484 636 1557 Quinto
659 1485 760 1551 fratrs
779 1484 830 1550 his
853 1485 1017 1551 mensibus
1035 1483 1120 1550 nihil
1136 1482 1344 1569 exspectarit.

137 1585 227 1653 Nam
248 1585 375 1653 Taurus
403 1593 535 1675 propter
558 1588 650 1654 nives
679 1593 755 1654 ante
784 1611 927 1655 mensem
953 1587 1089 1654 Iunium
1116 1586 1252 1654 transiri
1276 1608 1345 1653 uon

137 1693 253 1775 potest.
299 1691 486 1772 Thermum,
501 1698 539 1759 ut
553 1715 658 1780 rogas,
682 1692 880 1759 crebenimis
901 1692 1018 1758 litteris
1033 1691 1142 1757 fulcio.
1186 1689 1227 1755 P.
1244 1688 1346 1758 Vala-

137 1794 224 1861 rium
247 1799 348 1880 negat
372 1794 490 1862 hahere
515 1797 693 1883 quidquam
723 1796 898 1862 Deiotarus
929 1818 997 1875 rex,
1027 1815 1165 1879 eumque
1190 1793 1282 1860 aita
1311 1814 1351 1861 aa

139 1899 321 1964 sustentari.
367 1898 451 1964 Cum
466 1900 544 1965 scies
559 1899 683 1966 Romae
697 1899 923 1966 intercalatum
937 1899 980 1965 ait
994 1920 1105 1977 necne,
1120 1896 1219 1962 velim
1235 1897 1280 1962 ad
1291 1918 1351 1963 ma

140 2000 258 2066 scribas
275 2009 309 2066 at
327 2006 419 2067 sciam
445 2008 578 2081 eertum,
605 2025 669 2089 quo
691 2003 744 2069 die
769 2004 925 2088 mysteria
940 2003 1059 2068 'futura
1080 2001 1156 2067 sint.
1199 1999 1352 2068 Litteras

139 2106 213 2169 tuas
236 2104 344 2171 minus
372 2106 482 2192 paullo
513 2111 661 2192 exspecto
690 2128 789 2192 quam
818 2106 846 2171 si
872 2105 996 2171 Romae
1026 2126 1118 2184 esses,
1147 2104 1204 2170 aed
1234 2107 1353 2171 Omen

139 2213 298 2293 exspecto.

142 2626 258 2692 CCLI.
305 2624 474 2691 CICERO
491 2626 548 2692 ΤΟ
569 2624 778 2691 PUBLIUS
800 2623 954 2690 smus
973 2623 1151 2703 NERVA,
1167 2622 1357 2688 Phoraua·

315 2752 379 2793 rou
394 2752 435 2793 oa
450 2729 628 2795 Brruwruu
644 2752 713 2794 auu
729 2730 864 2794 Pennus
883 2729 986 2813 (Fau.
1004 2750 1080 2792 x111.
1098 2732 1155 2807 aa).

320 2940 520 2996 sauream
544 2941 575 2983 A.
594 2940 627 2982 u.
645 2940 672 2982 c.
690 2936 760 2996 7043
785 2939 815 2981 a.
833 2938 859 2983 c.
878 2937 928 2990 603
953 2938 1028 2980 aar.
1046 2937 1105 2979 erc.
1124 2935 1166 2981 ao.

316 3104 352 3152 Μ.
366 3104 451 3153 Cicero
463 3104 492 3153 P.
507 3103 567 3153 Silio
578 3120 622 3166 pro
632 3120 671 3167 pr.
685 3103 818 3169 Bithyniae
830 3103 984 3151 commendat
995 3101 1031 3150 M.
1045 3101 1174 3151 Laenium.

436 3270 474 3322 hl.
495 3268 625 3323 CICERO
644 3268 671 3322 S.
691 3267 726 3320 D.
746 3266 777 3320 P.
798 3267 894 3321 SILIO
913 3266 983 3320 PRO
1003 3266 1059 3320 Pu.

211 3419 240 3482 l.
265 3417 342 3482 Non
358 3420 470 3503 putavi
486 3419 554 3483 fieri
569 3440 660 3502 posse
677 3421 715 3481 ut
735 3415 816 3480 mihi
832 3415 928 3480 verba
944 3416 1100 3493 deessent,
1117 3415 1173 3478 aed
1189 3420 1303 3480 tamen
1319 3416 1356 3481 in

145 3519 192 3585 M.
224 3521 347 3586 Laenio
377 3523 630 3587 commendando
661 3522 786 3585 desunt.
838 3519 956 3604 Itaque
992 3540 1061 3582 rem
1091 3516 1152 3582 tibi
1189 3541 1356 3603 exponam

145 3625 254 3710 paucis
277 3625 392 3704 verbis,
419 3627 474 3690 sed
498 3630 617 3703 tamen,
642 3629 680 3689 ut
705 3625 802 3706 plane
824 3623 999 3707 perspicere
1021 3621 1123 3707 possis
1146 3621 1356 3688 voluntatem

145 3752 258 3793 meam.
305 3729 499 3794 Incredibile
514 3733 562 3794 est
577 3729 692 3814 quanti
708 3728 864 3792 faciamus
884 3731 916 3791 et
939 3747 999 3811 ego
1014 3729 1047 3790 et
1063 3724 1163 3789 frater
1177 3747 1279 3803 meus,
1296 3728 1356 3811 qui

146 3906 332 3963 postponemant
342 3899 370 3946 of
381 3898 423 3947 the
432 3899 479 3962 day
487 3899 514 3947 of
524 3898 663 3963 paymont’:
682 3914 721 3960 op.
774 3896 885 3955 certain)
898 3897 951 3944 stt.
965 3894 1009 3942 xii.
1023 3896 1062 3953 23,
1075 3898 1098 3942 2.

147 3967 318 4012 titiunculum
334 3966 401 4023 addo,
416 3962 472 4011 Ter.
486 3965 563 4012 Andr.
584 3964 619 4013 iv.
639 3967 662 4023 2,
680 3967 721 4023 27,
806 3961 933 4022 mysteria]
965 3960 1008 4007 the
1023 3959 1082 4007 ritas
1099 3958 1127 4006 of
1144 3956 1187 4005 the
1203 3956 1273 4008 Bona
1289 3958 1355 4019 Dea,

148 4032 230 4092 1710);
253 4031 379 4077 illuderet
394 4044 505 4087 praesens
515 4045 523 4076 .·
539 4031 595 4076 haic
611 4036 662 4076 crat
674 4030 722 4076 die·
774 4025 899 4110 generally
909 4025 966 4073 hold
983 4031 1008 4071 at
1024 4023 1067 4071 the
1083 4021 1220 4085 beginning
1236 4023 1264 4071 oi
1281 4023 1352 4088 May.

149 4096 210 4154 cula,
226 4095 306 4143 Plaut.
320 4094 410 4142 Pseud.
423 4092 441 4140 i.
456 4095 478 4151 5,
492 4094 521 4144 87
535 4094 614 4157 (503).
778 4092 828 4139 I‘ho
845 4091 912 4138 Iloua
925 4089 985 4141 Dea.
1001 4091 1121 4148 however,
1140 4102 1174 4135 on
1190 4086 1274 4136 whose
1293 4088 1353 4139 riter

179 4158 247 4224 plus]
280 4177 315 4208 sc.
327 4160 428 4220 periculi
433 4158 514 4219 sititae
522 4174 533 4214 ,·
551 4157 619 4207 thaso
630 4173 671 4206 are
682 4157 724 4206 tho
776 4155 876 4205 Clodius
898 4154 1021 4212 intruded,
1049 4152 1097 4200 had
1123 4152 1168 4200 her
1190 4151 1296 4202 festival
1322 4169 1354 4203 ou

148 4223 292 4272 sentimenta
303 4224 331 4273 of
343 4222 471 4272 Lucceius.
776 4220 836 4268 Dec.
854 4223 868 4267 3
884 4219 958 4267 andl
977 4217 1139 4280 (llarquardu
1158 4216 1195 4265 iii.
1215 4219 1293 4282 331):
1315 4234 1356 4269 aee

183 4293 220 4336 14.
241 4288 378 4351 ἐνδομύχῳ]
405 4288 448 4336 tho
459 4287 581 4336 betrothul
591 4286 619 4335 ol
629 4286 720 4334 Tullia.
777 4285 810 4344 1²,
823 4301 848 4347 p.
862 4287 902 4331 21.

149 4351 190 4401 He
201 4370 257 4415 says
269 4354 300 4401 he
311 4354 405 4414 prefers
422 4353 521 4401 Servius
534 4351 666 4414 Sulpicius,
680 4351 723 4399 the

149 4417 261 4466 nominee
278 4419 326 4465 and
342 4434 387 4466 son
403 4416 431 4466 of
442 4417 583 4472 Postumia;
606 4416 646 4464 for
657 4416 721 4463 l'ou·
806 4411 915 4477 SILIO]
928 4428 966 4473 cp.
978 4411 1049 4460 Fam.
1058 4410 1112 4459 xiii.
1123 4413 1163 4471 61,
1175 4409 1222 4473 Ep.
1236 4411 1354 4461 ccxxxiii.

149 4481 218 4539 tidin,
236 4482 292 4531 who
304 4498 354 4531 was
365 4481 398 4530 all
409 4482 449 4530 for
461 4481 596 4540 Dolabella,
610 4481 667 4528 does
680 4486 723 4528 not
810 4483 830 4526 l.
849 4484 875 4524 ut
888 4474 1154 4540 aramentadeesscat]
1189 4476 1354 4538 op.Fam.ii.

149 4562 214 4594 seem
241 4563 297 4594 now
320 4556 346 4596 to
365 4549 395 4596 bo
423 4547 449 4594 in
471 4551 567 4595 enmest
588 4545 664 4594 ahout
681 4545 724 4593 the
778 4547 816 4602 ll,
831 4547 853 4601 1,
868 4542 915 4603 Ep.
928 4541 991 4590 cclv.

151 4618 248 4659 matter.
807 4606 989 4670 aedtunzcruut]
1018 4603 1355 4666 Thoughatisrucdfcrs'ta

184 4677 211 4724 P.
234 4675 366 4741 Valerucn]
399 4676 518 4739 probably
530 4690 596 4723 some
610 4689 657 4723 one
669 4672 725 4721 who
775 4678 811 4732 ut,
830 4688 869 4734 cp.
890 4671 944 4719 xiii.
961 4675 1001 4730 61,
1022 4674 1044 4730 1,
1063 4670 1109 4731 Ep.
1128 4685 1246 4732 ccxxxv„
1271 4676 1314 4735 yet
1332 4670 1352 4720 it

151 4742 219 4788 ou'ed
231 4756 320 4806 money
332 4748 357 4790 to
370 4743 423 4789 An.
776 4737 858 4786 would
875 4736 905 4785 hc
922 4751 989 4784 moro
1008 4734 1106 4783 natural
1124 4734 1184 4783 here
1203 4741 1229 4784 to
1245 4736 1303 4786 raud
1315 4736 1355 4784 ud

184 4811 211 4851 ut
233 4809 305 4853 anum
327 4804 428 4871 certum]
456 4821 495 4867 cp.
518 4805 586 4853 Fam.
616 4802 651 4850 ix.
677 4804 724 4861 23;
778 4804 1073 4849 itataumaoraictomen
1089 4807 1116 4847 ut
1129 4798 1192 4848 with
1203 4799 1355 4864 Wesenberg

151 4869 203 4919 also
221 4877 310 4919 certum
328 4874 412 4931 necno,
435 4869 461 4917 ‘l
484 4870 515 4918 do
534 4876 577 4918 not
594 4867 667 4917 know
686 4867 727 4915 for
777 4868 843 4930 (Em.
858 4868 924 4919 An..
938 4882 963 4927 p.
976 4867 1028 4926 16).
