2976 5356
504 380 627 449 eom.
652 381 773 467 (sau
806 383 907 451 vrri.
931 387 974 460 o.
1220 416 1225 424 ·
1302 389 1345 453 se

135 556 301 641 imponere
316 577 377 622 neo
391 557 494 622 audeo
509 555 687 641 quidquam
701 578 760 622 neo
775 556 885 623 debeo.
917 556 992 639 Sed,
1005 561 1092 644 quod
1106 563 1272 627 oommodo
1286 566 1344 627 tuo

136 660 204 725 fieri
226 660 340 746 possit,
364 661 531 745 utriusque
553 664 700 724 nostrum
721 661 835 746 magni
856 661 990 728 interest
1012 670 1048 727 ut
1072 671 1099 729 te
1124 669 1240 730 uideam
1265 672 1346 746 aute,

136 785 235 849 quam
263 765 409 830 decedas.
466 763 575 835 Quam
600 763 788 829 facultatem
814 764 841 828 si
868 764 941 849 quis
971 789 1062 832 casus
1088 767 1253 853 eripuerit,
1275 790 1348 834 mea

137 876 247 933 tamen
262 867 300 932 in
321 872 355 933 te
378 866 486 933 omnia
505 868 609 933 offioia
630 866 824 932 constabunt
839 890 905 932 non
920 889 1011 934 seous
1032 893 1068 935 ao
1090 873 1117 935 si
1137 876 1170 937 te
1184 872 1346 937 vidissem.

137 968 210 1038 'l'ibi
226 971 270 1037 de
285 972 403 1037 nostris
417 970 513 1037 rebus
527 971 612 1036 nihil
626 993 698 1036 sum
713 975 789 1035 ante
801 972 1014 1037 mandaturus
1027 996 1085 1058 per
1099 975 1234 1055 litteras,
1250 997 1348 1060 quam

138 1074 309 1160 desperaro
330 1097 438 1140 eoram
458 1096 511 1140 me
530 1078 638 1139 tecum
660 1096 756 1160 agere
778 1096 879 1159 posse.
926 1076 957 1140 5.
983 1075 1082 1147 Quod
1099 1083 1133 1143 te
1155 1102 1175 1144 a
1196 1077 1350 1144 Soaevola

138 1177 255 1262 petisse
268 1178 360 1258 diois,
381 1183 428 1257 ut,
444 1179 523 1243 dum
541 1183 580 1243 tu
596 1176 731 1256 abesses,
748 1182 823 1243 ante
842 1179 1021 1243 adventum
1042 1202 1151 1246 meum
1165 1181 1349 1267 provinciae

139 1286 309 1366 praeesset,
321 1303 396 1346 eum
411 1304 472 1368 ego
483 1280 608 1367 Ephesi
622 1280 690 1346 vidi
705 1281 833 1366 fuitque
848 1303 975 1347 meeum
990 1282 1195 1351 familiariter
1204 1285 1348 1351 triduum

140 1384 230 1465 illud,
258 1385 348 1471 quod
371 1407 431 1471 ego
457 1383 581 1471 Ephesi
603 1388 817 1450 commoratus
848 1407 931 1464 sum,
959 1408 1018 1452 nea
1044 1410 1085 1452 ex
1109 1410 1146 1453 eo
1172 1389 1350 1475 quidquam

141 1488 259 1569 audivi,
275 1489 364 1574 quod
379 1488 441 1554 sibi
455 1511 475 1554 a
487 1494 520 1553 te
534 1488 726 1553 mandatum
740 1488 871 1554 diceret.
903 1489 955 1555 Aa
969 1512 1046 1555 sune
1058 1493 1175 1558 vellem
1190 1492 1349 1578 potuisset

142 1589 271 1678 obsequi
285 1590 449 1658 voluntati
462 1595 556 1658 tuae:
579 1613 646 1657 non
661 1590 748 1657 enim
762 1591 902 1659 arbitror
915 1595 1065 1660 noluisse.

268 2043 391 2113 CCVI.
437 2043 641 2112 CAELIUS
668 2044 727 2112 ΤΟ
753 2046 923 2114 CICERO
950 2049 1052 2134 (Fau.
1077 2071 1153 2114 vur.
1178 2051 1220 2133 4).

320 2295 401 2340 ΚΑΒ.
426 2296 530 2356 SEU,
553 2298 584 2342 Δ.
602 2297 635 2342 U.
652 2299 680 2342 C·
699 2296 765 2353 703;
790 2299 820 2342 B.
838 2300 864 2343 C.
882 2298 933 2358 613
958 2300 1033 2346 ΑΕΤ.
1050 2301 1110 2345 CIC.
1128 2301 1170 2347 66.

188 2509 281 2561 floribit
298 2509 339 2560 ld.
359 2508 457 2560 Caelius
474 2511 504 2561 de
526 2509 682 2561 damnatione
698 2510 828 2561 Messallae
847 2517 873 2561 et
891 2510 991 2561 Servaai
1010 2518 1042 2561 tr.
1063 2511 1098 2575 pl.
1115 2510 1254 2576 designati:
1274 2511 1305 2562 da
1321 2512 1349 2562 C.

146 2589 258 2642 llaraello
278 2607 329 2642 eos.
348 2591 410 2653 des,
429 2592 460 2642 de
482 2592 511 2641 P.
532 2591 661 2642 Dolabella
680 2592 874 2657 quindecimviro
896 2599 985 2653 creato,
1011 2593 1041 2642 ds
1064 2592 1171 2642 Lentulo
1192 2592 1298 2656 repulso,
1322 2593 1353 2642 da

146 2670 255 2734 Quone,
275 2674 307 2723 de
324 2673 437 2734 oomitiis,
456 2674 487 2723 de
502 2673 564 2723 eatis
582 2674 609 2722 iu
626 2680 722 2734 senatu,
742 2674 773 2723 de
789 2674 899 2724 Caesaris
915 2674 997 2723 animo
1014 2689 1072 2738 erga
1088 2673 1241 2737 Pompeium,
1254 2675 1285 2724 da
1300 2674 1352 2723 suis

145 2755 221 2806 rebus.
256 2755 357 2819 Scripta
374 2755 476 2819 epistola
492 2761 530 2805 est
546 2755 638 2806 Romae
654 2771 678 2805 a.
696 2772 722 2804 u.
741 2772 763 2805 o.
776 2756 832 2815 703,
851 2762 877 2806 ot
893 2756 1022 2819 respondet
1038 2755 1077 2805 his
1092 2754 1182 2805 littoris
1199 2754 1236 2805 M.
1256 2753 1349 2815 Cicero,

145 2834 183 2887 lu.
201 2837 241 2899 ii,
260 2853 300 2901 ep.
315 2840 354 2887 10.

550 3051 707 3106 CAELIUS
725 3051 898 3106 CICERONI
917 3051 944 3105 S.

206 3209 239 3273 1.
260 3204 399 3272 Invideo
413 3204 493 3271 tibi:
516 3209 585 3269 tam
600 3205 704 3269 multa
724 3204 840 3269 cotidie
857 3225 939 3289 quae
960 3203 1074 3269 mirere
1088 3203 1168 3269 istoo
1181 3203 1349 3289 perferun-

142 3316 217 3378 tur:
241 3311 384 3396 primum
406 3309 500 3389 illud,
522 3309 707 3375 absolutum
732 3307 940 3373 Messallam:
964 3307 1081 3372 deinde
1106 3307 1255 3373 eumdem
1276 3329 1349 3372 oon·

143 3415 354 3481 demnatum:
385 3412 422 3479 C.
452 3412 644 3479 Mareellum
674 3412 838 3478 consulem
866 3412 1007 3476 laetum:
1038 3409 1086 3476 M.
1118 3409 1281 3475 Calidium
1310 3409 1350 3475 ab

141 3636 177 3687 ri.
185 3638 210 3698 8,
221 3638 247 3696 2,
258 3632 313 3684 xiii.
326 3633 366 3694 57,
381 3637 404 3693 1,
417 3632 464 3695 Ep.
478 3632 550 3682 ccliv.
564 3633 618 3695 lta,
627 3633 668 3683 for
677 3632 720 3683 tha
771 3630 880 3696 possibly
887 3630 931 3680 the
941 3630 1038 3693 lagatus
1048 3645 1076 3679 or
1104 3628 1236 3679 naestorot
1246 3630 1285 3692 Ap
1302 3628 1349 3679 ius.

141 3699 288 3752 oalloostion
299 3698 327 3749 of
336 3701 419 3746 nuntii
429 3697 478 3747 and
487 3701 590 3748 litterae.
804 3702 844 3746 Ac
854 3695 921 3762 sarae]
957 3696 990 3745 So
1002 3694 1078 3745 Orelli
1087 3646 1129 3744 lor
1140 3698 1184 3743 Aa
1194 3711 1251 3744 sane
1265 3645 1301 3744 ol
1309 3694 1353 3744 the

174 3769 414 3827 utriuquoaourum
429 3799 436 3812 .
452 3799 459 3812 .
476 3801 482 3812 .
497 3763 602 3828 decedas]
628 3762 722 3827 Nearly
771 3778 828 3813 uss.

140 3829 175 3880 111
201 3846 251 3881 uss
277 3828 341 3878 omit
366 3827 432 3877 from
458 3835 522 3877 -rest
552 3828 587 3892 (in
615 3829 721 3891 Interest)

140 3895 253 3945 dorrnto
267 3896 360 3943 νὶᾰιαυι
376 3900 439 3941 anta.
478 3892 510 3942 In
524 3908 590 3942 some
605 3893 653 3941 lew
665 3908 720 3951 uas,
808 3895 831 3940 1.
849 3889 1038 3955 complanatam]
1055 3889 1143 3954 bytho
1158 3888 1211 3938 Lex
1232 3886 1307 3937 Iunia
1323 3887 1354 3938 de

141 3976 233 4037 pmong
243 3958 313 4072 thaan
323 3958 394 4072 {Ital
405 3959 478 4072 '229¹'
488 3961 586 4070 ἰνῖιὶἱνοιε
593 3957 615 4006 is
623 3956 723 4070 wffien
775 3955 903 4069 ΒοὲιιΙΑὶὲἰὲε
914 3970 990 4068 :darae
1003 3957 1072 4004 Fam.
1085 3954 1139 4003 uii.
1153 3957 1176 4014 2,
1197 3958 1218 4014 1,
1232 3953 1281 4017 Ep.
1294 3952 1350 4013 eoi,

141 4024 301 4153 ilrefirlu'asgia
315 4040 331 4071 u
364 4040 410 4073 m
440 4038 505 4071 ama
533 4037 640 4085 ‘appell
697 4038 724 4070 m
774 4037 823 4133 ana
842 4036 962 4151 rapalllal
985 4084 1065 4133 ‘after
1086 4083 1126 4132 his
1149 4081 1284 4133 re'eotion‘
1305 4081 1354 4146 (tor

174 4171 227 4204 nea
244 4155 396 4202 lamentata
415 4189 421 4201 .
441 4189 448 4201 .
468 4188 474 4199 .
492 4151 640 4216 amimae]
659 4155 725 4215 ‘you
775 4149 943 4225 uonsulship):
965 4149 994 4197 ab
1013 4148 1058 4197 has
1075 4148 1146 4198 often
1197 4148 1203 4159 ’
1234 4162 1305 4197 sensa
1326 4146 1354 4196 ol

143 4234 200 4284 may
211 4218 265 4269 still
276 4223 395 4268 oounton
411 4216 445 4267 all
461 4216 504 4266 tha
520 4216 625 4266 servieos
641 4215 668 4265 in
682 4231 725 4279 my
778 4214 878 4275 ‘aftar,'
893 4214 954 4264 wath
971 4214 1015 4263 tho
1034 4212 1169 4262 additional
1188 4213 1244 4262 idea
1262 4211 1290 4262 of
1312 4211 1354 4261 ‘in

238 4283 246 4307 '
776 4294 943 4354 consequence
959 4278 1005 4337 0f‚’
1019 4294 1040 4327 e.
1048 4295 1074 4340 q.
1088 4277 1148 4327 Sall.
1169 4278 1240 4341 Jug„
1258 4280 1298 4337 63,
1321 4278 1353 4335 t:

143 4300 297 4399 poggium
352 4346 398 4398 See
418 4352 478 4397 note
497 4351 525 4397 to
545 4348 599 4396 su
621 4345 640 4395 i.
660 4345 679 4395 l.
700 4348 723 4404 3,
777 4344 833 4394 Lis.
854 4360 881 4393 u.
903 4347 942 4402 14,
963 4346 986 4403 3,
1007 4343 1057 4392 and
1073 4342 1152 4393 often.
1188 4342 1234 4392 See
1253 4358 1285 4392 on
1304 4341 1354 4405 Ep.

143 4412 192 4480 Ep.
202 4430 241 4478 1.,
316 4411 512 4477 notatum.
547 4411 665 4462 Scaevola
675 4426 726 4461 was
775 4410 866 4459 lant.
