2976 5356
497 353 687 422 CCXLVI.
716 353 840 439 (Fara.
862 354 928 420 IX.
953 353 1022 440 25).
1285 354 1349 420 155

224 681 396 752 coXLV.
451 682 702 870 CICERO(FFO
725 680 939 871 OAEIquQ
963 680 1107 749 Curuus
1129 681 1267 749 Aemus
1310 774 1312 779 ,

664 809 724 853 an.
749 808 787 853 11.
811 808 868 854 14.

317 994 519 1052 mannaan
543 995 576 1038 A.
592 995 626 1040 U.
643 995 671 1039 C·
688 995 756 1053 7043
781 994 812 1038 B.
833 994 861 1038 C·
878 992 928 1051 503
952 994 1028 1038 AET.
1045 994 1104 1038 010.
1121 992 1164 1040 56.

187 1158 228 1210 Il.
246 1158 322 1209 Fadii
339 1159 370 1210 de
387 1158 467 1210 fundo
484 1158 664 1209 Herculanensi
674 1159 802 1224 negotium
814 1159 968 1209 commendat
978 1161 1028 1223 (cp.
1041 1157 1090 1210 IX.
1104 1161 1144 1221 25,
1158 1156 1206 1225 Ep.
1223 1159 1346 1227 ccxlvi.);

139 1239 221 1293 Caelii
229 1241 328 1292 litteras
338 1241 369 1291 de
379 1240 453 1291 rebus
464 1239 565 1290 urbanis
575 1244 709 1304 exspectat.
744 1239 851 1305 Scripsit
861 1240 1005 1292 Laodiceae.

323 1404 361 1460 M.
381 1403 514 1460 CICERO
532 1404 608 1460 IMP.
626 1404 654 1460 S.
673 1404 709 1459 D.
729 1403 768 1459 M.
788 1404 922 1460 CAELIO
939 1404 1071 1460 AEDILI
1089 1405 1171 1461 CUR.

206 1543 259 1610 M.
290 1542 406 1625 Fadio,
429 1544 499 1609 viro
526 1544 649 1630 optimo
671 1547 704 1610 et
730 1542 861 1609 homine
883 1543 1076 1625 doctissimo,
1100 1543 1353 1612 familiarissime

140 1652 216 1715 utor
230 1647 429 1733 mirificeque
443 1669 518 1713 eum
538 1647 640 1733 diligo
662 1669 736 1713 cum
757 1650 888 1733 propter
909 1669 1073 1713 summum
1094 1646 1265 1734 ingenium
1283 1648 1353 1715 eius

142 1772 367 1837 summamque
381 1750 562 1817 doctrinam
576 1756 648 1816 tum
662 1755 794 1837 propter
810 1751 1008 1837 singularem
1022 1751 1224 1817 modestiam.
1269 1751 1353 1818 Eine

141 1854 313 1941 negotium
333 1854 379 1920 sic
400 1854 499 1920 velim
520 1853 684 1940 accipies,
707 1858 746 1920 nt
768 1854 796 1920 si
817 1858 899 1920 esset
920 1878 970 1921 res
992 1878 1073 1922 mee.
1118 1855 1208 1922 Novi
1221 1877 1282 1942 ego
1297 1877 1353 1922 vos

142 1979 279 2043 magnos
301 1960 472 2044 patronos:
494 1957 661 2023 hominem
683 1957 807 2024 occidat
832 1962 969 2043 oportet,
990 1958 1048 2044 qui
1065 1965 1172 2024 vestra
1189 1980 1285 2045 opera
1302 1961 1353 2025 uti

143 2061 230 2141 velit,
258 2061 316 2126 sed
340 2061 375 2125 in
397 2059 458 2127 hoc
483 2059 614 2126 homine
637 2061 764 2127 nullam
789 2062 909 2148 accipio
939 2064 1187 2129 exeusationem.
1234 2062 1354 2129 Omnia

142 2164 316 2251 relinques,
339 2163 366 2230 si
387 2187 440 2231 me
460 2164 593 2244 amabis,
620 2187 694 2229 eum
713 2167 772 2230 tue
794 2187 892 2251 opera
912 2164 1036 2230 Fadius
1063 2167 1114 2233 uti
1135 2166 1232 2232 volet.
1277 2164 1353 2252 Ego

141 2288 189 2334 res
203 2266 374 2335 Romanas
391 2267 598 2334 vehementer
617 2273 764 2354 exspecto
789 2273 822 2334 et
844 2268 1001 2350 desidero,
1021 2269 1057 2334 in
1079 2269 1255 2356 primisque
1273 2269 1354 2355 quid

142 2392 220 2460 agas
236 2373 319 2438 scire
333 2371 449 2457 cupio:
472 2394 550 2438 nam
563 2371 629 2438 iem
644 2372 702 2439 diu
716 2377 848 2460 propter
862 2372 979 2439 hiemis
993 2373 1254 2459 magnitudinem
1268 2372 1353 2439 nihil

141 2475 217 2542 novi
233 2475 278 2541 ad
292 2496 351 2541 nos
365 2475 584 2542 adserebatur.

175 2760 367 2832 CCXLVI.
412 2760 581 2829 CICERO
604 2761 663 2931 'IFO
686 2760 862 2953 LUCIUq
885 2761 1112 2831 PAPIRIUS
1134 2762 1319 2831 PAETUS

615 2869 624 2950 t
657 2888 716 2932 an.
741 2887 788 2932 1x.
812 2887 867 2935 25.

325 3053 530 3112 susanam
553 3055 680 3099 A.1J.c.
698 3051 766 3106 7043
790 3054 822 3098 Β.
839 3053 865 3098 O.
883 3053 935 3112 50;
958 3053 1034 3098 ΔΕΤ.
1051 3053 1111 3097 cic.
1128 3053 1170 3101 56.

189 3208 259 3262 Cum
270 3209 309 3260 II.
323 3208 408 3260 Cicero
422 3225 517 3274 procos.
534 3209 647 3260 Ciliciam
664 3210 793 3272 obtineret,
815 3210 884 3260 misit
902 3211 934 3261 ad
953 3225 1010 3260 eum
1025 3209 1056 3260 L.
1073 3210 1165 3261 Paetus
1177 3211 1273 3263 litterae
1285 3212 1316 3263 de
1326 3229 1353 3262 re

136 3290 255 3352 militari,
281 3290 372 3357 quibua
393 3291 474 3341 tacete
495 3291 626 3356 exagitatis
647 3291 726 3342 amico
747 3292 786 3342 M.
809 3291 916 3341 Fadium
939 3292 1093 3343 commendat
1113 3292 1208 3343 Cicero.
1250 3292 1355 3357 Scripsit

136 3372 287 3427 huicne

512 3477 643 3533 CICERO
662 3478 737 3533 IMP.
758 3478 876 3533 PAETO
894 3477 972 3534 SAL.

207 3619 239 3683 l.
264 3614 438 3683 Summum
451 3639 505 3684 me
515 3618 629 3684 ducem
644 3618 771 3685 litterae
785 3623 860 3686 tuae
874 3618 1099 3685 reddiderumt:
1122 3619 1218 3706 plane
1233 3619 1352 3686 nescie-

138 3719 217 3788 bam
231 3725 266 3788 te
279 3724 350 3787 tam
367 3721 508 3807 peritum
528 3743 595 3788 esse
614 3723 662 3788 rei
682 3722 844 3789 militarie.
889 3722 1010 3809 Pyrrhi
1024 3727 1057 3789 te
1072 3722 1171 3789 libros
1184 3728 1218 3789 et
1233 3721 1352 3788 Cineae

171 3905 275 4021 seseq
297 3904 360 3957 'l'his
370 3904 392 3956 is
403 3906 441 3957 Μ.
455 3908 547 3958 Fadius
559 3908 662 3959 Gallus:
681 3925 722 3960 see
810 3910 895 3960 Omnia
912 3908 1043 3975 relinquas]
1077 3909 1142 3959 Itis
1159 3915 1186 3960 to
1204 3909 1236 3960 be
1252 3910 1351 3961 noticed

140 3977 238 4023 notato
275 3987 326 4022 am.
343 3988 385 4021 xv.
405 3976 444 4034 14,
463 3977 484 4032 l,
501 3973 550 4037 Ep.
567 3974 639 4024 ccxli.
674 3974 725 4024 For
774 3974 832 4024 how
853 3976 928 4025 much
950 3991 1017 4026 more
1038 3981 1129 4038 urgent
1155 3976 1182 4023 in
1208 3978 1351 4050 expression

141 4035 415 4088 themttcrinwhich
423 4037 516 4087 Fadius
524 4039 721 4101 wasintarestcd‚
773 4039 873 4089 ancient
899 4040 984 4090 lettere
1005 4039 1034 4089 of
1059 4041 1282 4090 recommendauou
1309 4057 1351 4091 are

142 4101 348 4152 seeuextletter.
773 4104 835 4154 than
846 4121 904 4155 ours
914 4104 997 4155 would
1006 4105 1044 4153 be.
1080 4104 1351 4169 lntheirpanegyrical

172 4168 227 4216 ciro
239 4202 247 4216 .
261 4202 268 4214 .
283 4163 404 4231 ‚amiud
427 4165 507 4217 There
517 4165 539 4216 is
549 4183 582 4217 no
591 4167 724 4220 differeuce
772 4174 831 4219 tone
845 4170 906 4234 they
917 4170 1012 4219 remind
1028 4184 1075 4219 one
1091 4169 1119 4219 el
1135 4169 1178 4218 the
1192 4176 1250 4220 tone
1263 4172 1291 4220 cl
1304 4186 1351 4221 onr

141 4229 170 4280 ot
185 4230 305 4295 meaning
322 4229 425 4294 implied
440 4231 465 4280 in
483 4232 552 4282 these
563 4234 642 4283 words
653 4232 720 4294 here,
773 4234 945 4284 testimonials.

143 4293 240 4360 though
251 4294 384 4346 weltere
400 4295 485 4346 (licem
501 4297 585 4347 makes
595 4314 611 4346 a
621 4299 722 4349 marked

144 4358 304 4491 gffifiptim:
323 4376 363 4438 see
378 4366 436 4412 note
451 4368 477 4411 to
488 4361 520 4420 Q.
532 4361 576 4412 Fr.
588 4361 617 4412 ii.
630 4365 645 4411 9
658 4363 719 4429 (11),
806 4366 829 4412 1.
849 4362 945 4429 cimae]
965 4362 1031 4413 Both
1038 4362 1250 4429 Pyrrhusandhis
1260 4361 1349 4413 minis·

189 4458 199 4487 ,
252 4441 366 4477 .oxm1.
