2976 5356
524 366 663 433 OOLII.
688 367 803 447 (Ars.
835 367 893 433 VI.
920 367 961 451 1).
1285 369 1348 434 179

144 538 222 626 ugo
236 540 305 607 sic:
329 541 416 607 diem
429 544 536 606 statuo
551 540 630 605 satis
643 540 762 619 laxam,
778 562 876 626 quam
891 547 968 606 ant-e
982 541 1010 606 si
1029 540 1193 620 solverint,
1210 541 1282 607 dico
1295 563 1349 607 me

146 644 341 711 centesimas
365 645 559 710 duotmum:
583 644 699 709 sinon
725 644 888 723 solverint,
912 666 952 710 ex
976 644 1133 730 pactione.
1179 643 1295 729 Itaque
1319 649 1352 711 et

149 746 267 813 Graeci
292 748 422 814 solvunt
445 745 607 813 tolerabili
632 747 742 813 fenore
764 752 797 813 et
818 747 998 832 publicanis
1016 770 1067 813 res
1087 752 1135 813 est
1157 748 1351 834 gratissima,

149 850 251 917 siilla
265 852 332 917 iam
349 850 469 917 habent
488 850 586 936 pleno
606 851 725 927 modio,
748 850 919 916 verborum
940 850 1104 929 honorem,
1126 850 1352 917 invitationem

150 953 305 1021 crebram.
352 952 441 1025 Quid
462 954 584 1040 plura?
628 952 713 1020 Sunt
737 976 847 1020 omnes
870 955 917 1019 ita
939 954 1021 1019 mihi
1048 953 1233 1035 familiares,
1257 959 1295 1021 ut
1319 977 1353 1021 se

152 1056 286 1143 quiaque
300 1057 440 1122 maxime
458 1061 559 1141 putet.
606 1056 670 1122 Sed
687 1063 797 1123 tamen
819 1055 917 1141 μηδὲν
939 1058 1047 1131 αὐτοῖς
1064 1107 1072 1121 .
1089 1108 1098 1122 .
1117 1108 1125 1122 .
1142 1058 1201 1122 scis
1218 1058 1351 1143 reliqua.

153 1162 198 1226 17.
223 1159 279 1226 De
300 1165 409 1226 statua
429 1160 648 1226 Africani—‹l›
673 1163 869 1245 πραγμάτων
893 1162 1147 1245 ἆσυγκλώστωιιῐ
1173 1162 1229 1226 sed
1250 1183 1302 1226 me
1321 1165 1356 1225 id
1420 1184 1425 1193 ’

152 1264 258 1349 ipsum
279 1264 453 1330 delectavit
475 1263 511 1329 in
540 1263 606 1329 tuis
631 1264 845 1329 litteris—ain
874 1265 938 1329 tu?
981 1262 1089 1350 Scipio
1119 1265 1172 1329 hic
1200 1263 1354 1330 Metellus

154 1390 307 1453 proavum
328 1390 424 1433 suum
445 1367 546 1433 nescit
566 1389 727 1433 censorem
750 1390 816 1432 non
836 1367 962 1434 fuisse?
1005 1367 1111 1453 Atqui
1133 1367 1217 1432 nihil
1239 1366 1355 1433 habuit

156 1470 239 1537 aliud
253 1471 445 1556 inscriptum
460 1471 524 1537 nisi
539 1470 629 1536 008.
646 1493 684 1535 ea
699 1474 816 1549 status,
833 1493 915 1556 quae
935 1472 977 1536 ad
993 1470 1072 1556 Opis
1087 1476 1166 1556 †per
1181 1475 1234 1547 tet
1249 1470 1354 1556 posita

155 1574 184 1641 in
200 1575 331 1642 excelso
347 1580 405 1653 est,
429 1577 464 1640 in
486 1575 544 1640 illa
568 1579 687 1651 autem,
712 1598 794 1660 quae
816 1581 865 1641 est
882 1576 924 1641 ad
941 1575 1148 1651 Πολυκλέους
1166 1574 1354 1653 Herculem,

155 1678 343 1764 inscriptum
365 1683 413 1744 est
429 1678 556 1743 GENS.
578 1700 676 1763 quam
697 1700 764 1743 esse
779 1678 921 1744 eiusdem
936 1683 1048 1757 status,
1065 1678 1210 1755 amictus,
1226 1679 1353 1744 anulus.

155 1780 260 1868 imago
273 1782 347 1868 ipsa
361 1782 511 1847 declarat.
556 1781 605 1846 At
627 1780 808 1851 mehercule
828 1804 888 1867 ego
908 1804 982 1847 cum
1003 1782 1038 1846 in
1060 1786 1169 1847 turma
1191 1783 1353 1847 inaurata·

156 1906 222 1951 rum
246 1884 454 1971 equestrium,
477 1907 558 1970 quas
579 1885 633 1951 hic
658 1883 812 1951 Metellus
833 1885 868 1950 in
891 1884 1050 1969 Capitolio
1071 1884 1189 1970 posuit,
1209 1885 1355 1949 animad-

156 1990 317 2056 vertissem
331 1989 368 2053 in
386 1988 572 2075 Serapionis
588 1988 820 2073 subscriptione
834 1988 983 2054 Africani
1004 1988 1192 2073 imaginem,
1212 1992 1355 2053 erratum

157 2090 267 2159 fabrile
296 2092 420 2177 putavi,
450 2114 538 2157 nunc
565 2091 659 2158 video
690 2091 829 2156 Metelli.
890 2090 918 2156 Ο
949 2092 1173 2176 ἅνιστορησίαν
1203 2092 1354 2176 turpeml

158 2195 200 2263 18.
224 2194 318 2261 Nam
331 2195 415 2261 illud
429 2196 469 2260 de
484 2195 600 2261 Flavio
620 2200 653 2262 ct
667 2194 771 2272 lastis,
791 2194 819 2260 si
841 2216 929 2260 secus
948 2199 1006 2271 est,
1031 2215 1199 2258 commune
1215 2199 1369 2259 erratum·

157 2304 206 2380 st,
222 2304 257 2365 et
271 2303 311 2365 tu
323 2297 407 2364 belle
422 2300 587 2384 ἠπόρησος
613 2302 645 2363 et
668 2321 727 2363 nos
749 2297 913 2384 publicam
934 2319 1035 2382 prope
1056 2296 1239 2383 opinionem
1255 2297 1355 2361 secuti

155 2420 272 2482 tamus,
297 2406 336 2467 ut
357 2402 462 2466 multa
485 2403 572 2486 apud
596 2401 742 2468 Graecos.
789 2402 872 2473 Quis
895 2401 982 2465 enim
1008 2422 1074 2465 non
1096 2401 1181 2465 dixit
1202 2399 1354 2478 Εὔπολιν,

154 2506 205 2575 riv
219 2515 279 2583 τῆς
295 2505 442 2593 ἀρχαῖος,
464 2504 506 2571 ab
520 2504 691 2571 Alcibiade
711 2505 887 2591 navigante
901 2503 937 2568 in
953 2502 1097 2567 Siciliam
1111 2503 1271 2567 deiectum
1289 2524 1357 2567 esse

149 2604 320 2677 lamere?
364 2608 548 2694 Redarguit
562 2608 813 2674 Eratosthenes:
837 2606 945 2671 adfert
967 2604 1056 2669 enim
1070 2627 1149 2689 quas
1163 2605 1219 2669 ille
1234 2608 1307 2690 post
1321 2605 1356 2670 id

149 2712 280 2799 tempus
300 2709 429 2777 fabulas
452 2712 605 2778 docuerit.
650 2711 742 2778 Num
768 2710 886 2777 idcirco
910 2708 1011 2774 Duris
1035 2706 1173 2787 Samius,
1197 2708 1294 2773 horno
1319 2708 1356 2773 in

141 2806 287 2883 historia
317 2814 468 2901 diligens,
498 2816 586 2900 quod
619 2838 693 2881 cum
732 2815 844 2881 multis
881 2814 1010 2890 erravit,
1048 2812 1229 2878 irridetur?
1273 2811 1356 2883 Quis

137 2910 329 2985 &leucum
355 2917 443 3004 leges
465 2916 578 2983 Locris
599 2919 759 3005 scripsisse
785 2940 851 2984 non
880 2917 992 2983 dixit?
1034 2915 1127 2982 Num
1149 2915 1252 3001 igitur
1273 2916 1356 2982 iacet

179 3078 726 3220 arremarensibus
781 3077 870 3217 sss
883 3076 1355 3218 sereser,baradus

137 3208 314 3269 masticans,
330 3208 365 3257 ‘ri
372 3208 515 3283 theycnpoy
524 3210 560 3272 (aa
569 3208 628 3273 they
636 3209 727 3273 dalthe
783 3206 1095 3269 Nasreacnthetlaprtoh
1119 3205 1278 3255 butrtrsiar
1289 3222 1356 3255 more

137 3272 267 3325 followin
296 3274 398 3323 covered
411 3272 571 3336 privileges';
590 3272 636 3322 but
650 3272 690 3322 ior
704 3277 727 3322 si
783 3272 861 3336 likely
883 3272 938 3320 that
959 3271 1010 3320 this
1032 3271 1122 3320 should
1142 3270 1207 3320 havc
1227 3272 1290 3320 been
1311 3271 1355 3320 the

141 3350 190 3391 vc
206 3337 429 3401 morrdprobably
440 3338 498 3386 read
514 3340 554 3386 sed
564 3337 626 3387 with
637 3337 725 3395 Wcs.;
783 3338 852 3386 work
873 3336 900 3385 oi
927 3351 942 3385 a
969 3336 1118 3385 descendant
1140 3337 1169 3384 ol
1189 3335 1288 3397 Scipio:
1314 3352 1355 3384 see

141 3402 337 3453 illavillthan
354 3402 420 3451 reior
434 3407 460 3450 to
477 3401 544 3451 what
561 3418 619 3465 goes
633 3403 724 3460 before,
783 3403 910 3460 Addrnda,
934 3399 1017 3449 where
1039 3416 1077 3449 wc
1099 3399 1162 3448 haro
1188 3400 1309 3449 defended
1331 3409 1357 3449 at
1421 3420 1430 3435 ··

143 3466 238 3519 vhioh
245 3466 292 3517 the
299 3466 429 3530 following
436 3467 614 3531 wordsmerely
621 3484 725 3517 resume.
783 3482 850 3515 some
864 3465 951 3529 length
969 3464 1012 3514 the
1023 3464 1201 3539 transposition
1219 3464 1301 3513 which
1319 3466 1357 3577 pas

180 3536 257 3597 pleno
268 3530 358 3597 modio]
393 3530 497 3580 ‘iniull
508 3534 638 3581 measure)
783 3531 805 3580 it
822 3546 899 3579 sccms
915 3537 942 3579 to
960 3530 1001 3593 us)
1021 3544 1043 3577 rs
1060 3529 1151 3593 clearly
1167 3530 1302 3578 demanded
1338 3545 1356 3593 y

183 3598 266 3660 μηδλν
275 3594 371 3660 αὐτοῖς]
400 3595 473 3645 Some
480 3596 625 3660 imperativa
633 3612 661 3645 cr
669 3596 727 3646 sub·
783 3596 826 3645 the
837 3594 937 3657 logical
947 3593 990 3643 the
1000 3609 1110 3657 passage.

146 3662 270 3727 junctius
291 3667 359 3710 must
379 3660 410 3709 be
427 3660 584 3713 understood.
602 3661 725 3725 meaning,
816 3663 848 3707 ad
860 3662 919 3720 Opia
931 3660 992 3719 †per
1003 3658 1054 3724 ειτ]
1077 3658 1169 3707 Jordan
1182 3657 1257 3721 (Eph.
1267 3656 1354 3721 Epigr.

154 3728 243 3776 ‘don't
255 3728 301 3789 (cr,
314 3724 351 3774 let
366 3740 405 3774 me
421 3726 475 3787 not)
487 3724 593 3774 humour
608 3726 676 3775 them
686 3733 728 3777 too
783 3723 820 3773 iii.
835 3726 876 3787 65)
888 3738 1002 3787 proposes
1012 3729 1039 3773 to
1049 3723 1107 3771 read
1117 3722 1215 3771 herard
1224 3725 1282 3783 Opis
1295 3726 1355 3782 Opi-

152 3790 216 3851 1ιτ,’
228 3806 259 3841 οι·
272 3790 361 3839 ‘don't
370 3796 436 3839 trust
446 3789 514 3839 them
525 3799 567 3839 too
577 3791 671 3839 much)
785 3791 849 3838 ἢτοι·
867 3789 912 3852 (sc.
933 3789 1022 3852 aedera)
1041 3794 1067 3837 at
1089 3786 1132 3835 the
1151 3786 1241 3850 temple
1263 3786 1290 3835 cf
1310 3790 1356 3847 Ops

188 3856 268 3930 17¹⁶&
283 3853 449 3943 limam]
485 3854 521 3903 ‘0
539 3855 728 3919 Whatalangle
786 3856 992 3978 Oliltedliapicnis
1008 3914 1190 3981 adscriptione]
1226 3914 1304 3964 ‘with
1313 3915 1357 3964 the

185 3926 350 4033 mmm
359 3983 440 4048 aliud]
470 3981 519 4033 Wo
526 3983 589 4032 have
597 3982 729 4046 givanthis
784 3998 856 4031 nuure
867 3981 895 4031 of
907 3981 1024 4045 Serapion
1035 3982 1114 4029 under
1123 3981 1161 4029 it!

155 4047 328 4179 munit
338 4048 423 4097 stands
437 4046 464 4096 in
481 4047 518 4108 M,
531 4048 590 4112 only
601 4055 726 4110 transpos-
821 4050 859 4096 18.
877 4044 1098 4158 s'llscldal'lasr'c'q‘¹
1118 4045 1164 4094 Sec
1176 4045 1190 4107 ξ
1202 4046 1226 4093 8.

256 4128 299 4162 ris.
317 4113 367 4162 and
383 4113 439 4163 Cos.
475 4111 529 4162 The
545 4114 626 4161 words
641 4128 686 4173 por
706 4120 728 4161 ts
819 4109 1028 4175 ῠιὶὶσὴπόρησας]
1054 4115 1061 4138 ‘

156 4192 202 4227 can
212 4176 303 4241 hardly
314 4177 345 4227 be
361 4176 437 4241 right,
455 4192 483 4225 as
499 4176 520 4226 it
536 4177 594 4226 does
609 4182 654 4226 not
663 4192 729 4226 seem
785 4191 835 4240 you
844 4175 924 4225 raised
933 4174 1030 4238 against
1040 4174 1098 4222 me!

157 4242 273 4305 prohable
287 4241 344 4291 that
353 4242 453 4291 Atticus
467 4242 550 4291 would
564 4242 627 4291 have
642 4248 680 4290 set
695 4258 728 4305 up
816 4243 861 4291 τὸν
871 4244 918 4299 τῆς
929 4239 1046 4303 ἄρχαίοις]
1078 4254 1112 4287 so.
1126 4239 1260 4300 κωμῳδίας.

157 4306 329 4358 ammenta
355 4305 464 4355 ersoniu
479 4321 513 4355 no
529 4321 568 4355 wa
596 4305 729 4356 connected
817 4304 889 4369 iacet]
923 4306 961 4353 ‘is
978 4302 1160 4366 Theophrastus
1174 4303 1297 4353 therclore
1311 4308 1358 4366 put

158 4370 292 4421 vithhim.
343 4370 510 4434 tispossihle,
530 4386 558 4419 as
624 4377 726 4434 turges,
785 4376 830 4419 out
844 4368 872 4418 cl
887 4368 990 4419 courtl’
1013 4367 1117 4417 Iacetis
1133 4368 1355 4427 alcreusictcrm,

159 4434 326 4498 uastacus,
338 4435 464 4487 who'took
475 4434 618 4486 onhimthc
628 4451 728 4499 arrang-
785 4449 812 4484 aa
824 4434 852 4484 in
860 4433 1112 4493 masciacensibus,
1126 4433 1181 4482 llil.
1194 4436 1236 4485 47.

1178 4512 1231 4556 Na

1099 4116 1126 4159 st
1136 4126 1187 4159 was
1197 4125 1212 4158 a
1222 4108 1277 4159 nice
1287 4107 1356 4173 point
