2976 5356
536 317 658 383 corr.
687 317 802 401 (arr.
835 321 871 386 V.
895 321 965 404 ῃ).
1297 324 1352 396 ,aa

141 509 200 553 nos
213 486 338 567 venire,
354 488 391 553 in
413 490 563 555 ultimam
583 490 782 576 provinciam
802 515 836 557 se
858 494 993 559 coniecit
1011 492 1148 559 Tarsum
1163 518 1283 580 usque:
1306 495 1352 561 ibi

142 591 252 656 iorum
267 591 350 677 agit.
396 591 448 657 De
470 592 594 659 Partho
615 594 780 660 silentium
798 600 856 674 est,
873 597 928 661 sed
950 601 1061 662 tamen
1076 598 1215 664 concisos
1230 601 1353 684 equites

143 702 269 763 nostros
283 720 306 763 a
326 696 473 763 barbaris
489 697 687 764 nuntiabant
706 700 741 779 ii,
757 700 813 784 qui
828 700 1010 766 veniebant.
1056 700 1195 767 Bibulus
1210 726 1252 769 ne
1266 704 1352 790 cogi-

141 798 234 866 tabat
248 801 385 887 quidem
399 803 498 868 etiam
512 803 649 867 nuncin
664 804 863 886 provinciam
878 827 970 869 suam
984 806 1140 871 accedere.
1187 806 1230 871 Id
1244 810 1353 872 autem

141 902 247 970 facere
262 903 306 970 ob
321 927 393 970 eam
409 928 537 970 causam
552 905 712 986 dicebant,
728 909 815 992 quod
828 908 954 972 tardius
968 908 1066 973 vellet
1078 911 1241 975 decedere.
1282 909 1354 974 Nos

141 1007 176 1073 in
191 1013 300 1075 castra
314 1009 575 1096 properabamus,
592 1033 674 1094 quae
689 1011 823 1077 aberant
838 1011 939 1077 bidui.

396 1411 516 1480 cclx.
562 1414 621 1479 TO
644 1412 845 1480 ATTIOUS
870 1415 965 1493 (Ars.
990 1438 1022 1479 v.
1050 1419 1101 1502 17).

443 1637 474 1676 s.
492 1635 526 1677 a.
543 1635 570 1676 c.
590 1632 655 1690 7033
680 1635 709 1676 s.
728 1636 754 1676 c.
771 1632 824 1692 513
849 1635 922 1677 aar.
939 1635 999 1678 clc.
1017 1635 1059 1681 so.

189 1810 230 1860 De
245 1810 388 1860 litterarum
405 1809 556 1859 commercio.
576 1810 606 1858 da
622 1825 718 1858 sunuua
735 1825 780 1858 sua
796 1825 944 1874 suorumque
960 1809 1071 1859 omnium
1087 1810 1114 1858 in
1132 1810 1259 1873 provincia
1274 1811 1351 1861 absti-

139 1892 236 1953 nenas,
249 1892 281 1941 dc
292 1890 452 1941 Ciceronibus
462 1890 544 1954 pueris
555 1907 570 1939 a
583 1890 698 1940 Deiotaro
710 1889 761 1940 filio
772 1891 798 1939 in
809 1906 913 1953 mgnum
924 1891 1012 1951 ductis,
1026 1891 1056 1940 dc
1068 1891 1141 1940 Sestii
1153 1892 1249 1950 littaris,
1262 1892 1353 1956 quibus

138 1972 250 2037 acceptis
270 1971 355 2022 Attico
373 1987 494 2021 summam
512 1988 581 2021 suam
602 1988 685 2021 curam
703 1972 860 2021 domesticam
878 1973 1031 2021 commendat
1048 1979 1072 2021 et
1095 1988 1150 2020 oum
1168 1980 1238 2035 rogat
1255 1982 1354 2037 propter

138 2070 267 2104 sermones
279 2053 409 2103 Hortensii
426 2060 455 2102 ut
471 2068 570 2116 operam
586 2054 634 2109 dot,
649 2068 681 2103 nc
697 2053 753 2116 plus
769 2070 843 2118 quam
860 2070 957 2102 annuus
973 2053 1013 2113 sit,
1026 2055 1056 2101 de
1072 2053 1152 2116 Appio
1163 2054 1237 2103 ctiam
1248 2070 1314 2105 nunc
1327 2055 1351 2103 in

141 2134 271 2199 provincia
282 2151 328 2184 sua
338 2134 409 2184 Tarsi
419 2134 502 2184 forum
513 2141 608 2195 agente,
622 2137 653 2183 dc
667 2135 811 2185 uulneribus
824 2134 964 2197 provinciae
977 2134 1127 2195 gravissimis
1141 2135 1194 2183 sinc
1205 2137 1353 2185 contumelia

142 2217 219 2281 Appii
233 2233 250 2267 a
265 2233 292 2266 sc
302 2216 418 2266 sanandis
429 2222 454 2266 ct
470 2217 500 2266 dc
514 2217 591 2267 Bruto
602 2217 661 2281 quid
675 2216 770 2280 Appius
785 2216 872 2266 feccrit
886 2232 935 2265 non
947 2216 1055 2265 calando.
1091 2215 1184 2278 Scripta
1202 2216 1305 2278 epistola
1316 2228 1353 2267 cst

139 2300 170 2349 in
179 2298 272 2349 itincre
282 2299 314 2347 ad
326 2306 413 2348 (astra.

562 2480 694 2535 CICERO
712 2478 844 2533 ATTICO
863 2478 938 2532 SAL.

210 2626 241 2690 1.
265 2624 387 2710 Accepi
402 2624 509 2690 Roma
523 2627 591 2690 sine
606 2626 742 2710 epistola
756 2629 814 2688 tua
828 2623 1017 2688 fasciculum
1025 2621 1217 2700 litterarum,
1227 2622 1262 2686 in
1278 2645 1352 2706 quo,

138 2728 171 2794 si
183 2729 284 2794 modo
298 2727 428 2794 valuisti
444 2734 476 2793 et
492 2727 615 2794 Romae
633 2729 736 2809 fuisti,
753 2727 922 2793 Philotimi
942 2728 1024 2792 duco
1047 2747 1112 2790 esse
1132 2725 1270 2809 culpam,
1286 2748 1351 2792 non

139 2836 246 2897 tuam.
292 2830 392 2897 Hanc
407 2831 575 2917 epistolam
590 2832 710 2896 dictavi
725 2833 837 2897 sedens
851 2832 887 2895 in
901 2831 1008 2907 raeda,
1024 2852 1097 2893 cum
1112 2829 1147 2893 in
1163 2836 1266 2893 castra
1279 2852 1352 2915 pro·

140 2933 311 3015 ficiscerer,
326 2956 347 2999 a
362 2933 480 3019 quibus
501 2933 631 3000 aberam
652 2934 755 3000 bidui.
801 2934 918 3000 Paucis
940 2932 1053 2998 diebus
1075 2930 1235 2998 habebam
1251 2936 1353 2999 certos

140 3038 293 3104 homines
314 3037 431 3123 quibus
453 3039 564 3104 darem
585 3038 719 3104 litteras.
765 3038 884 3123 Itaque
905 3059 943 3102 eo
965 3058 1017 3101 ma
1039 3036 1173 3100 servavi.
1227 3037 1258 3100 2.
1283 3035 1353 3101 Nos

141 3146 255 3207 tamen
270 3141 331 3207 etsi
345 3141 404 3207 hoe
419 3145 451 3206 te
466 3164 506 3207 ex
517 3142 590 3206 aliis
605 3142 717 3206 audire
731 3140 827 3218 ma10,
840 3141 885 3205 sio
899 3141 933 3205 in
949 3137 1113 3224 provincia
1127 3159 1185 3202 nos
1199 3138 1352 3223 gerimus,

142 3246 232 3331 quod
256 3245 300 3310 ad
324 3243 555 3311 abstinentiam
577 3247 706 3324 attinet,
729 3249 768 3310 ut
791 3245 901 3309 nullus
927 3242 1090 3308 teruncius
1113 3241 1295 3307 insumatur
1317 3242 1352 3308 in

140 3370 351 3435 quemquam.
396 3346 439 3412 Id
455 3348 494 3413 fit
513 3349 660 3414 etiamst
682 3349 864 3435 legatorum
885 3352 917 3412 et
936 3345 1141 3411 tribunorum
1161 3348 1194 3409 et
1209 3346 1351 3430 praefec-

140 3458 254 3518 torum
277 3450 459 3536 diligentia.
515 3450 605 3517 Nam
629 3474 739 3518 omnes
766 3451 900 3517 mirifice
929 3446 1201 3532 συμφιλοδοξοῡσι
1231 3449 1353 3533 gloriae

175 3660 202 3705 4.
213 3656 301 3716 ,sorum
316 3653 414 3743 amq:
425 3662 560 3704 concentum
575 3657 652 3717 babet,
673 3656 722 3705 ‘hc
773 3656 871 3705 entcmd
888 3626 928 3703 his
944 3652 1082 3727 provinca..
1103 3653 1196 3699 Bidm':
1210 3668 1244 3701 sc.
1258 3653 1313 3701 iter.

139 3719 165 3771 is
182 3718 260 3796 poing
276 3718 374 3779 circuit,
411 3718 530 3784 ‘holding
548 3720 645 3777 assisa’
665 3738 721 3784 prc-
808 3725 830 3770 l.
849 3718 973 3784 habebam]
990 3739 1011 3759 =
1027 3716 1154 3764 ducaturus
1170 3732 1230 3775 asara,
1250 3716 1354 3766 because

139 3784 226 3849 sidrng
235 3798 296 3860 orer
305 3800 321 3834 a
331 3789 402 3833 court
411 3784 440 3833 ot
454 3785 545 3848 jrrsticc
555 3785 582 3834 in
592 3802 608 3835 a
617 3792 685 3835 town
697 3786 724 3833 of
773 3785 792 3834 it
804 3785 874 3835 takes
884 3784 928 3833 the
938 3781 1050 3896 plrpdmfof
1063 3781 1137 3894 tltlpbrfo
1146 3797 1157 3839 ,·
1173 3797 1230 3830 now
1237 3781 1284 3894 iim
1295 3798 1351 3844 prc-

140 3848 324 3977 maiixii?
342 3950 349 3963 .
369 3950 376 3962 .
394 3913 469 3980 stunc]
502 3914 553 3965 For
571 3915 615 3964 tho
635 3915 721 3978 juxta·
772 3850 976 3978 iiiiitbaibbtbbse
992 3861 1120 3984 cxiiiessiid
1129 3852 1242 3959 ibbbedb
1254 3862 1352 3959 ditcei

140 3977 251 4041 position
267 3978 297 4027 of
312 3976 356 4027 the
401 3977 503 4043 istolary
517 3979 648 4042 imperfect
661 3979 722 4029 with
776 3983 814 4039 12,
829 3983 852 4039 2,
869 3979 966 4040 Epor.
1001 3974 1167 4024 Thararstha
1183 3990 1250 4023 sama
1265 3991 1310 4024 usc
1326 3978 1354 4025 of

140 4058 176 4091 au
197 4042 291 4093 adverb
326 4042 332 4053 '
369 4042 376 4055 ⁰
409 4042 451 4106 'ng
472 4051 570 4107 present
591 4044 660 4104 time,
682 4060 721 4107 ap.
773 4044 816 4093 the
832 4042 904 4106 epist.
922 4040 1021 4104 imperf.
1039 4039 1067 4088 in
1083 4040 1137 4088 Att.
1150 4054 1175 4087 v.
1190 4041 1212 4113 7,
1227 4039 1273 4103 Ep.
1287 4056 1350 4099 axa,

141 4110 240 4157 Brutus
248 4112 303 4156 srat
313 4110 339 4157 in
347 4109 513 4157 Nosidcets'am
522 4125 593 4169 nunc,
607 4108 721 4158 Attxvi
770 4108 949 4169 presteberiam
965 4109 1005 4166 20,
1019 4102 1103 4179 Ut·
1112 4103 1238 4164 ccrxviri„
1252 4108 1351 4165 reeipie-

141 4174 168 4231 ³‚
183 4174 268 4235 63qur'
278 4174 502 4233 medantenses,
517 4173 548 4230 Q.
559 4174 603 4223 Fr.
613 4173 720 4234 iii.l,4‚
773 4175 848 4231 burm
870 4172 919 4221 aud
941 4172 995 4220 att.
1019 4186 1063 4218 nr.
1088 4172 1128 4228 23,
1157 4173 1180 4228 2,
1206 4171 1352 4218 rostratam

141 4236 193 4301 Ep.
204 4235 301 4287 cxlviii.
773 4260 793 4280 =
805 4240 948 4287 remissurus
959 4252 1020 4284 suaa

176 4300 285 4368 tardius]
318 4300 373 4352 The
394 4317 454 4367 year
474 4302 503 4352 of
526 4303 595 4353 office
617 4304 721 4353 counted
804 4298 1000 4365 cartoslsorar'nes]
1020 4297 1352 4364 ‘safe,trustwortb5mcn’:

140 4365 208 4417 from
230 4366 277 4417 the
301 4366 351 4431 day
372 4380 405 4417 on
427 4366 509 4417 which
535 4367 578 4419 tha
603 4384 724 4434 governor
773 4384 814 4415 sea
824 4384 856 4416 on
869 4366 941 4415 Fam.
953 4365 972 4415 i.
986 4367 1009 4425 t,
1025 4366 1047 4424 l,
1061 4362 1109 4425 Ep.
1122 4363 1189 4412 cris.
