2976 5356
137 812 200 877 140
455 815 726 884 OOXXXVIII.
753 817 876 901 (ΕΔΜ.
902 817 981 886 XV.
1004 818 1053 902 le).

135 985 295 1072 triumphi
318 989 471 1077 neglexi:
498 991 712 1057 sacerdotium
735 990 885 1076 denique,
908 1012 1122 1078 cum—quem
1147 990 1192 1056 ad
1217 989 1355 1057 modum

136 1096 169 1155 te
206 1091 392 1160 existimare
428 1094 676 1161 arbitror-non
705 1095 893 1161 difficillime
930 1094 1082 1181 consequi
1111 1115 1250 1181 possem,
1286 1114 1354 1158 non

135 1194 289 1279 appetivi.
335 1195 431 1262 Idem
456 1203 530 1283 post
555 1198 708 1264 iniuriam
735 1203 1042 1285 acceptam-quam
1064 1202 1104 1265 tu
1132 1195 1355 1284 reipublicae

136 1298 356 1365 calamitatem
374 1324 499 1387 semper
522 1303 678 1389 appellas,
702 1325 809 1368 meam
831 1324 897 1368 non
915 1303 1012 1369 modo
1030 1324 1097 1368 non
1120 1301 1351 1380 calamitatem,

136 1403 193 1467 sed
218 1403 317 1469 etiam
341 1405 635 1490 gloriam-studui
658 1429 756 1492 quam
782 1407 986 1473 ornatissima
1015 1411 1146 1472 senatus
1174 1405 1352 1492 populique

138 1503 281 1571 Romani
300 1508 410 1574 deme
429 1508 550 1575 iudicia
575 1509 783 1576 intercedere.
828 1508 947 1596 Itaque
969 1513 1003 1575 et
1025 1532 1130 1596 augur
1151 1512 1268 1597 postea
1281 1507 1351 1575 lieri

136 1608 235 1689 volui,
260 1610 347 1695 quod
376 1616 473 1678 antea
499 1613 717 1699 neglexeram,
749 1617 782 1679 ot
808 1635 883 1678 eum
907 1612 1073 1694 honorem,
1103 1612 1161 1699 qui
1186 1633 1208 1677 a
1238 1615 1351 1677 senatu

74 1740 77 1745 ·
136 1711 238 1777 tribui
253 1713 348 1780 rebus
361 1714 485 1782 bellicis
506 1717 596 1796 solet,
619 1716 804 1804 neglectum
826 1739 847 1782 a
868 1739 921 1782 me
943 1717 1032 1795 olim,
1050 1738 1137 1782 nunc
1155 1714 1242 1781 mihi
1257 1736 1349 1801 expe-

136 1816 273 1881 tendum
288 1821 378 1903 puto.
425 1820 477 1884 14.
500 1819 592 1910 Huic
613 1843 704 1886 meae
726 1820 898 1899 voluntati,
918 1819 954 1885 in
977 1841 1042 1905 qua
1063 1819 1148 1885 inest
1168 1818 1284 1904 aliqua
1303 1816 1351 1883 vis

137 1920 288 1986 desiderii
310 1922 352 1986 ad
375 1924 556 1990 sanandum
580 1924 699 1990 vulnus
724 1923 871 2002 iniuriae,
894 1927 933 1989 ut
954 1922 1065 1989 faveas
1083 1921 1280 2007 adiutorque
1300 1920 1350 2001 sis,

138 2023 226 2108 quod
240 2024 350 2108 paullo
365 2029 441 2091 ante
455 2048 508 2091 me
522 2049 678 2113 negaram
697 2030 899 2113 rogaturum,
916 2025 1124 2093 vehementer
1139 2029 1174 2090 te
1187 2046 1282 2112 rogo,
1297 2024 1351 2090 sed

137 2126 186 2191 ita
200 2125 227 2191 si
242 2149 308 2192 non
322 2127 469 2194 ieiunum
483 2128 544 2194 hoc
557 2130 664 2196 neseio
686 2131 776 2215 quid,
799 2131 886 2215 quod
908 2151 969 2213 ego
985 2128 1078 2216 gessi,
1094 2132 1128 2194 et
1142 2131 1351 2194 contemnen-

139 2229 219 2295 dum
234 2230 408 2311 videbitur,
433 2234 488 2298 sed
504 2233 570 2299 tale
592 2237 690 2319 atque
711 2237 851 2313 tantum,
874 2236 912 2298 ut
934 2232 1031 2298 multi
1045 2252 1253 2318 nequaqnam
1267 2228 1350 2317 pari·

137 2332 199 2399 bus
222 2333 318 2400 rebus
347 2335 484 2402 honores
512 2359 654 2402 summos
683 2359 704 2402 a
733 2341 849 2403 senatu
877 2336 1039 2402 consecuti
1066 2335 1141 2401 sint.
1186 2333 1351 2420 Equidem

139 2438 239 2502 etiam
258 2438 343 2504 illud
363 2440 445 2504 mihi
467 2439 613 2506 animum
635 2440 810 2506 advertisse
831 2439 1047 2506 videor-scis
1072 2438 1161 2504 enim
1180 2460 1281 2524 qnam
1304 2442 1351 2502 at·

139 2544 229 2606 tenta
244 2546 277 2606 te
291 2543 404 2608 audire
418 2543 614 2608 soleam—te
636 2565 703 2608 nou
725 2547 794 2608 tam
815 2566 866 2608 res
887 2546 994 2629 gestas
1009 2565 1108 2628 quam
1126 2562 1244 2620 mores,
1258 2540 1351 2607 insti·

140 2649 212 2709 tuta
227 2649 324 2729 atque
339 2646 442 2711 vitam
456 2646 689 2732 imPeratorum
711 2651 853 2732 spectare
875 2647 976 2712 solere
989 2647 1024 2711 in
1040 2644 1198 2710 habendis
1214 2648 1352 2710 autnon

139 2746 298 2813 habendis
312 2748 496 2814 honoribus.
543 2751 640 2822 Quod
661 2751 688 2815 si
708 2749 744 2814 in
766 2773 839 2815 mea
859 2773 954 2815 causa
972 2748 1197 2827 considerabis,
1213 2748 1352 2833 reperies

137 2873 190 2915 me
216 2852 358 2917 exercitu
387 2852 546 2919 imbecillo
576 2859 688 2919 contra
711 2858 835 2919 metum
864 2853 998 2918 maximi
1025 2853 1102 2918 belli
1129 2852 1350 2917 firmissimum

139 2956 335 3039 praesidium
356 2955 505 3023 habuisse
531 2958 728 3043 aequitatem
753 2962 786 3023 et
815 2957 1056 3023 continentiam.
1103 2955 1169 3020 His
1191 2977 1253 3041 ego
1277 2953 1350 3021 suh-

137 3059 227 3122 sidiis
243 3081 280 3124 ea
296 3081 366 3124 sum
379 3065 575 3141 consecutus,
594 3084 675 3146 quae
693 3061 792 3126 nullis
806 3058 989 3145 legionibus
999 3059 1149 3143 consequi
1163 3059 1350 3143 potuissem,

137 3168 175 3226 ut
197 3185 237 3226 ex
257 3163 459 3228 alienissimis
482 3165 573 3229 sociis
597 3165 813 3244 amicissimos,
840 3187 880 3229 ex
901 3162 1130 3228 infidelissimis
1150 3161 1351 3227 firmissimos

139 3266 307 3331 redderem
331 3267 517 3352 animosque
542 3290 699 3332 novarum
722 3291 830 3333 rerum
856 3266 1093 3353 exspectatione
1116 3287 1288 3350 suspensos
1308 3264 1351 3330 ad

139 3369 256 3433 veteris
286 3369 415 3454 imperii
443 3370 700 3436 benevolentiam
725 3373 935 3437 traducerem.
983 3371 1034 3434 15.
1059 3367 1123 3434 Sed
1150 3368 1249 3433 nimis
1271 3368 1351 3435 haee

140 3536 231 3595 ‘quam
249 3529 276 3578 in
293 3529 409 3579 concione
425 3531 578 3594 deposuerat,
600 3533 670 3582 Fam.
689 3551 715 3583 v.
766 3533 813 3582 but
824 3549 861 3582 we
873 3537 938 3581 must
958 3531 1031 3580 avoid
1045 3530 1072 3579 in
1091 3530 1142 3579 this
1157 3545 1213 3580 case
1227 3529 1304 3594 using
1320 3536 1351 3581 et,

137 3599 161 3655 2,
176 3600 199 3655 3,
212 3595 261 3658 Ep.
275 3596 336 3644 xiv!
352 3597 473 3661 (Manut.)
768 3616 804 3656 ac,
817 3613 844 3646 or
856 3605 933 3659 atquc,
947 3597 1030 3645 unless
1047 3596 1109 3645 with
1123 3611 1138 3643 a
1151 3595 1231 3644 desire
1242 3602 1269 3644 to
1280 3594 1351 3644 mark

171 3661 338 3724 sacerdotium]
369 3661 595 3725 satheaugurate.
631 3662 717 3712 Cicero
766 3659 1213 3711 thelastmomherasdistinctirom
1222 3659 1349 3720 therest,’

138 3742 189 3773 ware
208 3726 301 3774 elected
318 3726 372 3775 into
397 3725 441 3775 the
467 3727 537 3789 place
558 3727 586 3776 oi
605 3727 714 3787 Crassus,
767 3727 852 3775 Madv.
867 3726 946 3789 §434,
968 3737 1025 3774 note
1042 3730 1070 3773 l:
1090 3741 1128 3788 ep.
1149 3724 1231 3789 Roby,
1245 3726 1260 3788 5
1274 3727 1348 3773 2202.

137 3791 214 3839 killed
230 3797 257 3840 at
277 3790 383 3840 Carrhae
402 3793 448 3843 70⁰
461 3792 529 3857 (54):
549 3810 587 3855 cp.
604 3792 669 3840 l‘hil.
686 3792 715 3841 ii.
768 3791 904 3850 lIotmann,
922 3791 1046 3850 however,
1062 3804 1186 3852 compares
1198 3793 1254 3838 Att.
1269 3788 1292 3838 i.
1306 3792 1347 3849 20,

138 3862 150 3903 4
164 3873 170 3911 ;
190 3856 261 3904 Brut.
278 3861 300 3904 l.
769 3861 791 3918 l,
802 3856 850 3918 Ep.
864 3856 932 3904 xxvi.
944 3857 969 3920 (a
980 3870 1081 3917 passage
1090 3853 1215 3918 generally
1225 3852 1350 3903 corrected

169 3938 215 3969 non
227 3919 346 3985 appetiti]
365 3925 409 3985 yet
424 3937 462 3984 ep.
475 3921 528 3971 Att.
546 3921 574 3971 ii.
592 3923 615 3982 5,
629 3925 653 3982 2,
666 3921 713 3983 Ep.
766 3922 801 3996 by
812 3921 929 3985 editors);
949 3921 1020 3968 Fam.
1040 3919 1092 3967 xvi.
1114 3923 1152 3977 ll,
1175 3922 1208 3973 ⁸2:
1228 3918 1349 3968 DeOrat.

137 3985 226 4042 xxxii,
240 3992 373 4048 arcerentur
387 4024 392 4033 .
408 4023 414 4034 .
430 4002 494 4048 ,quo
508 3989 602 4048 quidem
616 4003 662 4034 arro
677 4003 716 4049 cyo
766 3985 804 4034 iir.
820 3990 874 4034 113.
910 3985 960 4033 For
976 4001 991 4032 a
1007 3984 1156 4046 lengthened
1167 3982 1350 4032 discussionem

138 4051 167 4096 ab
179 4052 299 4111 istiecapi
307 4066 412 4110 porrum.
767 4050 908 4113 exceptione
926 4056 952 4098 to
969 4048 1019 4098 thie
1037 4048 1098 4107 rulo,
1125 4064 1163 4111 cp.
1183 4048 1346 4111 Wesenberg,

171 4114 251 4179 Ideni]
288 4119 346 4179 ‘yet
357 4115 525 4165 sorallthat.’
767 4116 823 4162 Em.
844 4117 911 4174 All„
933 4131 959 4177 p.
981 4116 1029 4172 53;
1052 4112 1164 4176 Madvig.
1180 4128 1214 4162 on
1232 4111 1292 4160 Pin.
1311 4111 1347 4162 iv.

171 4179 323 4244 intercedere]
360 4184 400 4229 ‘to
427 4180 458 4229 hc
483 4196 515 4230 on
542 4180 646 4242 record,'
675 4180 714 4230 lit.
768 4181 808 4228 56.

140 4243 348 4306 ‘comctopass’
799 4241 1041 4308 exereitaimbecillc]
1075 4241 1136 4291 This
1152 4239 1232 4290 isthe
1246 4239 1350 4304 reading

174 4312 212 4358 14.
232 4308 350 4373 ieiunum]
385 4309 518 4371 ‘meagre,'
535 4310 650 4374 ‘paltry.'
768 4308 795 4357 in
806 4308 849 4357 the
860 4308 956 4370 margin
968 4307 995 4356 of
1003 4307 1040 4365 M,
1054 4308 1102 4355 and
1113 4307 1135 4354 is
1142 4305 1261 4369 probably
1271 4304 1348 4370 right,

172 4376 269 4423 sedeate
283 4410 289 4422 .
304 4411 310 4422 .
326 4411 332 4421 .
346 4378 461 4421 eoreeecati
477 4374 538 4437 aiat]
576 4375 636 4423 ‘hut
650 4390 717 4423 more
767 4390 794 4421 as
803 4373 823 4422 it
832 4373 928 4421 formes
933 4371 1129 4435 goodnntithesis
1138 4380 1164 4419 to
1166 4372 1349 4433 firmissimam.

139 4439 219 4501 signal
230 4439 279 4486 and
290 4437 417 4487 extensive
428 4437 463 4502 by
474 4438 514 4486 far
525 4438 586 4488 than
597 4440 667 4488 those
677 4439 718 4488 for
768 4438 821 4487 The
832 4437 934 4500 reading
944 4437 972 4485 ot
978 4437 1021 4484 the
1030 4452 1083 4498 uss,
1095 4435 1145 4483 viz.
1154 4434 1253 4495 imbelle,
1267 4434 1352 4498 points

139 4504 221 4552 which
240 4519 316 4567 many
333 4502 443 4566 generals
461 4504 524 4552 hare
542 4503 656 4552 obtained
674 4504 718 4553 tho
767 4509 793 4551 to
803 4503 898 4561 imbelli,
912 4502 958 4551 but
970 4500 1077 4549 Cicero's
1093 4516 1164 4565 army
1176 4515 1228 4549 was
1238 4499 1312 4550 weak
1323 4498 1351 4548 in

140 4568 237 4632 highest
248 4567 356 4616 honours
367 4568 432 4616 from
443 4568 485 4617 the
497 4569 597 4617 senate)
768 4567 892 4626 numbers,
906 4573 950 4615 not
961 4565 988 4614 in
1000 4565 1135 4629 efficieney.

172 4649 245 4681 merea
263 4636 378 4681 {restituta
406 4639 476 4694 atque
503 4633 590 4698 eitam]
625 4632 716 4682 ‘With
800 4634 935 4693 arrimceqae
960 4646 1074 4679 acrarum
1101 4667 1107 4678 .
1131 4666 1138 4679 .
1161 4666 1167 4678 .
1190 4624 1351 4693 traducam]

139 4698 208 4747 three
219 4714 246 4746 or
258 4714 324 4746 more
334 4697 456 4762 perfeetly
464 4698 618 4747 co-ordinate
626 4699 714 4758 words,
770 4698 835 4745 ‘and
846 4696 911 4744 their
922 4695 1019 4744 axeited
1035 4694 1123 4756 minds,
1142 4693 1227 4743 which
1237 4708 1305 4744 were
1318 4708 1352 4744 on

141 4784 160 4812 e.
167 4781 192 4825 q.
203 4764 362 4822 eummaiide,
372 4764 517 4821 constantia,
529 4763 714 4826 diligentiaque,
767 4761 810 4810 the
822 4761 914 4823 cip-tce
924 4760 953 4809 of
967 4760 1121 4822 expectation
1133 4759 1161 4808 of
1172 4758 1323 4821 revolution,
1336 4756 1352 4808 1

140 4845 177 4878 we
188 4843 245 4891 may
257 4830 318 4878 omit
328 4829 371 4877 the
383 4828 542 4891 conjunction
553 4828 664 4876 between
675 4827 718 4877 the
767 4826 878 4889 changed
889 4831 915 4875 to
925 4825 1014 4890 kindly
1022 4824 1128 4890 feelings
1135 4825 1245 4875 towards
1255 4822 1353 4875 theold

139 4896 193 4943 first
203 4893 324 4942 membcrs
338 4894 387 4942 and
404 4908 485 4942 annox
502 4909 546 4955 que
560 4897 586 4942 to
601 4893 644 4942 the
658 4892 714 4953 last,
767 4891 840 4940 rula’
