2976 5356
138 789 201 856 106
484 789 655 858 οων.
682 790 805 875 (rrrr.
836 789 982 874 11.10).

137 963 235 1037 Quod
245 964 323 1050 quia
330 967 458 1051 praeter
466 962 652 1051 opinionem
660 963 743 1028 mihi
752 962 921 1044 acciderat,
932 961 1112 1031 referebam
1120 984 1174 1031 me
1184 962 1230 1030 ad
1238 961 1343 1030 illud:

440 1092 623 1157 Incredibile
636 1093 789 1174 erescere
804 1093 943 1157 obicitur.
971 1141 979 1155 .
1005 1140 1013 1156 .
1039 1140 1047 1156 .

136 1192 285 1281 Repente
299 1217 375 1262 vero
389 1194 506 1262 ineeeei

444 1309 589 1374 Omnibus
605 1310 729 1373 lectr'tr'rb
744 1310 850 1373 laetere.

136 1425 179 1493 In
190 1447 254 1513 quo
269 1449 343 1494 eum
354 1427 552 1516 obiurgerer,
564 1429 652 1514 quod
665 1428 766 1494 nimio
777 1429 898 1515 gaudio
912 1450 1015 1516 peene
1029 1426 1218 1516 desiperem,
1230 1426 1281 1493 ita
1294 1446 1346 1492 me

136 1531 368 1598 defendebam:

440 1622 510 1703 Epo
527 1624 711 1703 voluptatem
725 1623 823 1685 cntmi
836 1622 972 1685 ne'mlem.
998 1669 1006 1684 .
1031 1670 1039 1686 .
1065 1667 1074 1684 .
1107 1625 1112 1640 '

138 1737 229 1810 Quid
253 1739 407 1825 quaeris?
421 1742 501 1807 dum
523 1739 618 1807 illum
640 1740 740 1821 rideo,
763 1762 867 1828 peene
889 1762 962 1807 eum
983 1738 1090 1806 iaetus
1103 1739 1171 1806 ille.
1225 1738 1257 1803 3.
1281 1734 1348 1804 Sed

137 1842 217 1908 haee
234 1842 383 1929 pluribus
405 1844 572 1929 multaque
596 1843 661 1909 alia
682 1847 716 1911 et
738 1844 779 1911 de
799 1849 833 1912 te
857 1849 890 1911 et
912 1846 955 1911 ed
969 1849 1013 1925 te,
1027 1866 1102 1910 cum
1123 1842 1269 1930 primum
1292 1862 1348 1909 aro

138 1944 266 2031 aliquid
278 1949 393 2013 neotus
416 1947 484 2013 otii.
529 1947 577 2014 Te
591 1969 678 2028 vere,
693 1947 740 2014 mi
754 1947 855 2028 Rule,
871 1948 984 2035 diligo,
1000 1968 1097 2033 quem
1113 1944 1198 2012 mihi
1212 1945 1350 2011 fortuna

139 2049 230 2115 dedit
255 2040 520 2137 amplificatorem
549 2050 722 2138 dignitatis
741 2073 842 2132 meae,
862 2052 1001 2118 ultorem
1027 2072 1093 2117 non
1118 2049 1216 2116 medo
1237 2048 1349 2116 inimi·

139 2177 259 2236 eorum,
289 2158 346 2223 sed
375 2158 474 2224 etiam
502 2157 689 2224 invidorum
717 2179 873 2238 meorum,
897 2162 936 2224 ut
959 2179 1013 2224 ees
1041 2155 1162 2243 partim
1191 2155 1352 2224 scelernm

139 2281 282 2342 suorum,
296 2260 418 2347 partim
432 2262 531 2328 etiam
544 2261 742 2348 ineptiarum
756 2262 945 2349 paeniteret.

256 2573 427 2642 CCXXV.
474 2573 644 2640 CICERO
667 2573 726 2639 TO
750 2571 956 2639 CAELIUS
982 2572 1085 2659 (Fir.
1110 2593 1149 2637 11.
1180 2575 1239 2658 ιο).

315 2769 347 2810 V.
365 2768 444 2811 ΚΑΒ.
461 2769 547 2828 nm,
563 2770 596 2813 Δ.
613 2769 647 2813 U.
664 2769 691 2810 C·
709 2765 779 2825 7033
798 2767 828 2811 B.
846 2767 872 2810 C.
891 2766 943 2825 513
960 2767 1035 2810 ΔΕΤ.
1053 2766 1112 2810 010.
1130 2765 1172 2813 55.

190 2915 322 2973 Querendo
340 2916 370 2965 de
388 2916 524 2966 tabellariis
537 2917 632 2967 occulte
648 2917 685 2967 M.
706 2916 819 2967 Caelium
837 2915 1004 2980 negligentiae
1019 2915 1159 2964 litterarum
1177 2921 1296 2966 accusat:
1313 2932 1354 2966 ree

141 3013 198 3047 suae
216 2998 243 3046 in
257 3001 353 3047 Amano
365 3004 445 3060 gestae
464 3005 549 3047 narrat
566 3008 599 3059 et,
611 3014 643 3048 ue
657 2998 785 3061 provincia
799 3005 944 3062 prorogetur
957 3003 987 3047 ut
999 3012 1099 3061 operum
1110 2999 1160 3055 det,
1172 3003 1260 3062 rogat:
1279 2997 1311 3048 de
1326 3013 1354 3048 re

141 3079 211 3141 publ.
224 3079 294 3142 eupit
306 3079 394 3128 certior
405 3079 467 3128 ficri.
502 3079 575 3129 Conl.
588 3080 632 3128 lib.
645 3080 700 3130 viii.
713 3096 752 3145 ep.
766 3084 781 3128 4
793 3088 819 3130 et
830 3081 854 3128 5.

269 3242 308 3296 Μ.
329 3241 460 3296 CICERO
480 3242 556 3296 IMP.
577 3242 604 3296 S.
623 3243 660 3298 D.
681 3243 719 3297 M.
740 3242 873 3297 CAELIO
895 3241 1024 3296 AEDILI
1043 3241 1125 3296 CUR.
1145 3240 1225 3296 Des,

211 3365 242 3429 1.
265 3364 318 3430 Tu
338 3365 412 3429 vide
436 3387 534 3449 quam
554 3366 597 3430 ad
619 3387 671 3432 me
685 3365 812 3431 litterae
827 3388 892 3431 non
908 3365 1123 3451 perferantur.
1168 3363 1249 3429 Non
1264 3365 1353 3432 enim

145 3489 275 3554 possum
301 3469 419 3534 adduci
442 3473 480 3534 ut
503 3468 625 3549 abste,
652 3474 763 3556 postea
788 3492 887 3554 quam
913 3468 1027 3533 aedilis
1047 3491 1079 3533 es
1103 3469 1218 3547 faetus,
1243 3468 1353 3535 nullae

143 3639 214 3700 bech,
243 3656 269 3703 p.
301 3640 367 3703 103).
407 3638 456 3689 We
481 3646 548 3690 murt
574 3641 724 3690 understand
773 3641 880 3689 dmnibue
891 3638 993 3688 laetitiis
1004 3641 1079 3687 laetae
1090 3637 1178 3686 incede.

144 3704 210 3754 after
220 3705 310 3767 sacaria
327 3721 393 3756 reme
410 3705 471 3754 such
488 3706 568 3755 werde
587 3721 614 3755 ae
627 3722 724 3767 pereum
806 3721 845 3767 epe
856 3707 1001 3764 voluptatem
1013 3705 1090 3752 aaroni
1100 3702 1216 3769 retectam]
1234 3720 1353 3754 eumenen

146 3772 219 3832 loqui.
773 3786 820 3817 eree
841 3785 943 3817 errorem
966 3769 1118 3816 arbitrer—a
1139 3768 1250 3818 trochaic
1272 3775 1352 3833 septe·

179 3834 342 3883 Incredibile.
363 3871 369 3883 .
390 3871 396 3882 .
414 3834 528 3899 obicitur]
547 3834 670 3899 Probably
681 3835 724 3883 the
774 3834 858 3883 narius
881 3833 908 3882 of
930 3832 972 3882 the
995 3833 1072 3882 comic
1094 3840 1152 3896 poet
1174 3833 1288 3883 Trabea:
1313 3850 1350 3897 ep.

146 3904 356 3949 commencement
368 3898 396 3947 of
415 3915 430 3947 a
451 3899 560 3949 trocheie
572 3899 724 3962 septenarius
774 3900 848 3949 Tusa.
862 3899 897 3947 iv.
912 3901 951 3946 35.
985 3897 1039 3947 The
1053 3913 1100 3947 usa
1115 3898 1173 3947 read
1186 3900 1288 3961 bomini,
1306 3898 1353 3949 but

145 3965 211 4014 from
234 3964 357 4013 Caecilius
380 3964 483 4013 Statius.
525 3965 579 4014 Thc
599 3980 646 4013 uss
668 3964 724 4039 gire
773 3981 812 4028 cp.
826 3963 945 4021 Ribbeck,
958 3979 983 4025 p.
995 3966 1035 4012 26.

141 4030 220 4091 sacto.
255 4029 322 4078 That
332 4029 449 4092 mightbe
460 4029 503 4078 the
514 4045 602 4093 proper
612 4029 722 4091 rcedrng,
807 4031 830 4077 3.
856 4027 1019 4092 reimberum]
1069 4027 1113 4077 the
1140 4026 1274 4077 Clodiane:
1310 4044 1350 4092 cp.

149 4093 304 4158 ‘something
315 4093 449 4142 incredible
465 4094 625 4156 iepresented
636 4094 662 4142 in
674 4094 724 4142 thie
774 4094 845 4142 Brut.
868 4094 931 4152 2733
958 4092 1014 4142 Mil.
1034 4095 1082 4151 923
1107 4093 1198 4141 Arcen.
1216 4092 1244 4142 in
1260 4092 1350 4143 Milon.

147 4160 237 4208 event’
252 4158 395 4221 (abl.abs.).
420 4158 519 4207 Editors
530 4158 656 4223 generally
663 4158 725 4207 alter
773 4174 798 4221 p.
818 4160 857 4217 37,
873 4157 926 4217 Or,
939 4158 977 4206 M.
994 4160 1085 4207 Caelius
1099 4164 1132 4206 tr.
1142 4160 1182 4220 pl.
1200 4160 1351 4208 studiosissi-

146 4230 173 4272 to
184 4225 276 4287 fectu:
293 4240 332 4286 cp.
351 4225 487 4271 Incredibile
503 4230 640 4283 rrrcmcretu,
662 4222 722 4271 Sall.
773 4240 826 4271 mue
837 4224 946 4270 Milonis.

148 4287 204 4338 Cat.
222 4292 245 4349 6,
262 4291 285 4338 2.
316 4288 428 4337 Ribbeck
440 4291 475 4351 (p.
489 4290 528 4353 65)
546 4289 620 4337 altere
631 4294 657 4336 to
665 4290 722 4351 sac·
805 4286 954 4352 reviderent]
988 4286 1088 4336 Hirrus.

148 4359 208 4402 tum.

180 4417 287 4467 omnibus
311 4420 412 4466 laetitiis
435 4417 525 4480 laeter]
567 4417 599 4465 In
617 4417 659 4466 the
677 4432 723 4465 uss
805 4416 885 4466 There
906 4423 973 4464 must
989 4416 1053 4465 have
1071 4416 1134 4466 been
1151 4423 1221 4481 great
1236 4416 1309 4483 delry
1326 4416 1353 4466 in

148 4483 230 4532 where
243 4482 294 4531 thie
311 4482 383 4532 letter
393 4497 478 4531 occure
494 4483 521 4531 in
538 4482 607 4531 Book
618 4481 672 4530 viii
685 4497 723 4530 we
772 4481 815 4531 the
826 4496 981 4545 couveyance
991 4486 1018 4530 to
1030 4481 1115 4530 Cicero
1126 4482 1266 4531 oiCaeliue'
1280 4483 1354 4532 letter

148 4548 212 4597 have
229 4550 305 4595 laetae
314 4565 324 4605 ,·
343 4547 423 4597 where
439 4548 460 4596 it
474 4563 558 4597 occure
575 4547 602 4595 in
614 4546 683 4594 Book
693 4545 720 4594 ii.
773 4546 919 4595 oliv.N0n.
933 4546 1000 4608 Sept.
1029 4546 1354 4597 Twomonthswouldbea

148 4615 258 4660 laetitiis.
293 4612 496 4662 Aeombinatien
514 4613 541 4661 of
562 4612 605 4661 the
620 4618 679 4671 two,
698 4627 725 4660 ae
773 4611 860 4660 liberal
871 4611 1015 4660 allowenee:
1028 4628 1066 4674 cp.
1077 4613 1131 4660 Ate.
1139 4628 1164 4660 v.
1176 4615 1214 4673 19,
1223 4611 1352 4675 Epecxx.

148 4676 312 4740 suggestedb
350 4677 590 4741 Memmi-Legum,
609 4675 678 4738 gives
695 4692 725 4724 ue
808 4675 899 4740 IMR]
934 4676 1187 4740 Thoughnotinthe
1200 4693 1255 4739 ress,
1269 4677 1354 4728 thiris

149 4742 191 4791 the
200 4749 255 4790 true
267 4756 293 4790 rc
327 4741 332 4751 '
352 4740 726 4806 gefCaecilius,asiteppeare
775 4740 1061 4805 eddedbyalleditors:
1081 4758 1120 4804 cp.
1135 4743 1181 4806 §R

148 4806 245 4855 InFin.
258 4805 286 4854 ii.
301 4810 340 4855 13.
373 4807 484 4856 Ribbeck
505 4823 530 4869 p.
545 4809 585 4870 65)
597 4812 694 4855 eceente
705 4805 727 4854 it
811 4810 833 4855 l.
854 4808 953 4855 Tueide
968 4807 1051 4870 quem]
1094 4810 1162 4873 ‘just
1177 4807 1280 4858 observa
1295 4807 1353 4859 how

148 4870 498 4935 arthabeginningofatrec
533 4871 724 4933 ‘erepteneriua
776 4870 860 4921 letters
881 4870 928 4921 fail
949 4877 977 4921 to
997 4871 1070 4921 reach
1088 4872 1147 4921 me)
1181 4873 1262 4924 There
1280 4873 1303 4924 ie
1320 4889 1355 4923 uo
