2976 5356
525 344 692 414 axoris.
717 348 832 431 (arr.
866 349 902 414 V.
928 350 971 431 a).
1305 347 1351 413 as

383 781 544 849 OXOIII.
590 784 648 852 ΤΟ
670 784 872 852 ATTIOUS
898 787 994 868 (Anu.
1019 807 1050 850 ν.
1075 791 1115 864 s).

438 1047 468 1087 Α.
488 1045 519 1088 U.
537 1047 563 1088 C·
587 1044 653 1105 7033
678 1047 708 1090 B·
726 1047 753 1089 C.
771 1047 819 1104 513
844 1046 919 1090 Anu.
937 1047 996 1090 clc.
1014 1045 1055 1092 65.

188 1257 228 1306 M.
248 1257 336 1309 Cicero
354 1258 486 1309 Brundisio
507 1267 563 1325 post
581 1262 716 1327 longiorem
743 1263 957 1313 commorationem
983 1280 1081 1313 sursum
1103 1269 1245 1326 exspectans
1267 1261 1351 1312 Attico

138 1339 241 1402 exponit
258 1339 349 1404 quibus
366 1341 396 1389 de
412 1341 492 1391 causis
507 1342 669 1393 Philotimum
680 1344 708 1393 in
723 1345 793 1394 bonis
804 1345 906 1396 Milonis
922 1346 1015 1395 socium
1031 1362 1083 1395 essa
1098 1346 1228 1394 voluisset:
1246 1344 1312 1408 quod
1328 1343 1350 1393 si

139 1420 274 1470 molestum
285 1421 323 1469 illi
335 1421 375 1481 sit,
389 1428 415 1470 et
425 1421 447 1471 si
457 1422 522 1472 idem
535 1424 627 1474 Fausta
637 1441 700 1475 uxor
711 1426 813 1476 Milonis
824 1427 893 1487 velit,
906 1427 1017 1477 recedere
1032 1442 1102 1490 posso
1114 1426 1282 1476 Philotimum.

555 1682 686 1737 CICERO
706 1684 838 1739 ATTICO
857 1685 935 1739 SAL.

209 1845 240 1908 l.
264 1841 321 1909 Me
342 1846 376 1909 et
393 1842 598 1912 incommoda
618 1849 781 1928 valetudo,
804 1872 819 1913 e
842 1871 907 1934 qua
927 1851 994 1916 iam
1012 1871 1211 1930 emerseram,
1234 1854 1348 1934 utpote

140 1969 216 2012 oum
231 1946 300 2012 sine
316 1945 401 2012 febri
420 1946 624 2032 laborassem,
645 1957 679 2017 et
698 1952 867 2037 Pomptini
888 1954 1093 2038 exspeotatio‚
1110 1954 1149 2018 da
1164 1975 1228 2038 quo
1243 1952 1350 2018 adhue

139 2077 182 2121 ne
202 2075 316 2120 rumor
336 2053 469 2138 quidem
487 2064 629 2137 venerat,
645 2058 776 2125 tenebat
795 2060 1021 2125 duodecimum
1043 2061 1109 2126 iam
1131 2060 1217 2124 diem
1239 2058 1347 2125 Brun-

139 2158 225 2238 disii,
240 2157 298 2223 sed
312 2179 441 2222 sursum
456 2161 727 2245 exspectabamus.
784 2164 816 2226 2.
840 2162 902 2242 Tu,
918 2164 945 2228 si
965 2165 1061 2230 modo
1076 2185 1109 2228 es
1124 2162 1348 2228 Romae—vix

139 2262 226 2327 anim
245 2265 379 2346 puto—,
401 2260 452 2325 sin
474 2284 517 2342 es,
534 2263 595 2330 hoo
608 2264 817 2333 vehomenter
836 2268 1073 2333 animadvertas
1087 2267 1194 2333 velim.
1241 2265 1349 2331 Roma

139 2384 324 2450 aooeperam
353 2361 487 2445 litteras,
514 2366 674 2434 Milonem
703 2392 813 2436 meum
842 2371 933 2455 queri
962 2393 1020 2456 per
1044 2371 1169 2436 litteras
1193 2369 1348 2434 iniuriam

138 2489 257 2546 meam,
273 2465 361 2550 quod
374 2463 571 2536 Philotimus
586 2474 689 2539 sooius
703 2478 785 2539 esset
807 2474 843 2539 in
857 2472 950 2539 bonis
964 2474 1039 2540 suis.
1084 2474 1127 2540 Id
1142 2496 1202 2559 ego
1216 2474 1264 2539 ito
1278 2472 1348 2538 fieri

137 2571 227 2640 volui
250 2570 291 2635 de
314 2566 350 2633 O.
366 2565 509 2638 Duronii
524 2577 695 2657 sententia,
712 2599 808 2663 quem
831 2582 864 2642 et
885 2579 1114 2643 amicissimum
1136 2577 1254 2643 Miloni
1276 2598 1347 2662 per-

137 2700 306 2765 spexeram
330 2680 364 2744 st
387 2679 488 2747 talem
513 2681 630 2761 virum,
657 2682 787 2766 qualem
812 2687 851 2747 tu
877 2681 1010 2762 iudioas,
1036 2703 1218 2769 cognoram.
1266 2678 1350 2745 Eius

138 2789 249 2853 autem
272 2787 444 2853 oonsilium
467 2807 640 2870 meumque
665 2785 726 2850 hoo
756 2784 874 2865 fuerat,
897 2785 1040 2870 primum
1065 2791 1104 2851 ut
1128 2786 1164 2850 in
1189 2787 1348 2870 potestate

138 2893 249 2955 nostra
269 2895 352 2957 esset
374 2912 435 2971 res,
457 2912 499 2954 ne
520 2888 616 2954 illum
639 2888 744 2954 melus
766 2894 892 2974 emptor
913 2888 1038 2954 alienus
1059 2888 1241 2974 manoipiis,
1264 2909 1347 2973 quas

137 2992 302 3077 permulta
322 3016 431 3060 seeum
451 2991 561 3072 habet,
582 2992 746 3078 spoliaret,
769 2993 897 3072 deiude,
918 2996 957 3057 ut
979 2991 1129 3072 Faustae,
1145 2991 1197 3057 oui
1216 2996 1347 3056 oautum

137 3095 193 3162 ille
211 3119 280 3163 esse
301 3097 466 3178 voluisset,
488 3102 597 3162 ratum
620 3101 711 3162 esset.
756 3095 840 3161 Erat
856 3095 956 3162 otiam
982 3097 1076 3177 illud,
1096 3100 1134 3161 ut
1153 3096 1216 3181 ipsi
1230 3116 1300 3173 nos,
1320 3094 1348 3160 si

138 3199 217 3285 quid
240 3200 361 3266 servari
384 3205 503 3286 posset,
527 3221 626 3285 quam
656 3199 809 3265 faoillime
833 3221 1040 3266 servaremus.
1096 3202 1127 3265 3.
1151 3199 1250 3266 Nune
1278 3221 1347 3264 rem

137 3307 240 3368 totam
254 3303 428 3390 perspicias
442 3304 550 3369 velim.
595 3302 701 3369 Nobis
718 3303 806 3369 enim
828 3302 1012 3369 soribuntur
1026 3325 1119 3390 saepe
1133 3305 1265 3370 maiora
1312 3302 1349 3368 Si

136 3405 193 3473 ills
208 3407 365 3492 queritur,
382 3407 411 3472 si
425 3406 537 3473 soribit
555 3408 597 3473 ad
612 3407 740 3486 amieos,
756 3407 783 3472 si
802 3407 890 3472 idam
905 3405 1028 3471 Fausta
1042 3408 1123 3487 vult,
1140 3407 1347 3486 Philotimus,

135 3514 174 3576 ut
196 3533 258 3598 ogo
288 3512 318 3577 ei
345 3534 452 3578 ooram
476 3512 622 3577 dixeram
650 3510 795 3597 mihique
817 3510 874 3576 ille
903 3515 1075 3597 reoeperat,
1101 3534 1144 3578 ne
1173 3511 1215 3577 sit
1243 3508 1348 3576 invito

170 3745 193 3792 1.
206 3747 288 3803 utpote
294 3742 359 3809 mm]
387 3745 429 3791 ‘as
439 3741 508 3792 thero
517 3757 582 3793 wore
592 3757 625 3792 no
635 3741 716 3792 fever-
767 3742 842 3792 taken
848 3741 911 3792 with
922 3742 975 3791 him
982 3742 1056 3792 when
1067 3742 1099 3790 he
1109 3748 1176 3792 went
1184 3741 1237 3791 into
1248 3740 1312 3791 exile
1322 3747 1349 3792 et

135 3805 415 3872 ishsymptomsinmy
425 3806 546 3882 uilmeut!
607 3871 613 3882 ι
636 3871 643 3893 ·
768 3806 894 3882 Massilia..
912 3807 1061 3882 Philotimus
1069 3807 1349 3881 olsowishedtoseeuro

168 3871 568 4000 i'f'i'liafflsipiftitmstii?
578 3871 633 3922 ⁸⁸¹¹·
767 3870 1349 4001 tltltttttgltltlttitlttt'ti

168 4003 195 4049 iss
202 4007 322 4063 potetate
335 4008 419 4049 nostra
435 4017 473 4049 ree
483 4001 553 4067 esset]
597 4005 641 4050 ‘to
656 4001 718 4063 keep
769 4016 852 4050 means
865 4005 906 4050 ‘to
923 4001 975 4066 buy
993 4017 1008 4050 a
1024 4001 1097 4064 thing
1115 4000 1191 4059 dear‚'
1210 4000 1256 4049 hut
1271 4003 1348 4050 malas

135 4063 219 4115 ahold
233 4080 293 4115 over
304 4064 389 4115 Milo's
400 4066 535 4131 property!
569 4065 718 4115 Philotimus
767 4073 858 4125 enasor
876 4065 934 4115 hore
953 4065 1030 4115 refers
1049 4072 1076 4115 to
1094 4081 1109 4113 a
1126 4065 1259 4128 purchaser
1280 4065 1346 4126 who,

134 4128 718 4206 beenmeoueotthsjointpurohasersofMilo's
768 4130 843 4193 being
856 4145 872 4179 a
886 4137 953 4180 strsn
985 4137 1036 4180 rto
1053 4130 1116 4180 Milo
1131 4131 1251 4194 (altem),
1265 4131 1348 4179 would

135 4209 180 4257 pro
253 4194 356 4255 ‚lestis
372 4201 393 4244 1t
404 4194 449 4245 fall
463 4194 517 4246 into
526 4196 570 4245 the
581 4195 673 4245 control
689 4196 717 4244 ol
768 4195 798 4244 bs
809 4194 926 4244 themora
936 4195 954 4244 l'
974 4195 1047 4260 elyto
1057 4195 1127 4245 drive
1140 4195 1225 4244 ahsrd
1235 4195 1347 4258 bargain.

135 4272 151 4307 ι
297 4276 310 4308 r
336 4259 490 4323 ill-disposod
515 4265 543 4310 to
569 4260 639 4318 Milo,
661 4260 718 4310 that
801 4263 825 4308 3.
842 4261 945 4324 saniora]
961 4277 996 4309 se.
1013 4276 1074 4319 vero,
1095 4259 1304 4324 ‘exaggeratad‘3
1322 4275 1354 4310 so

134 4323 716 4388 pnrohasermightelaim,asportoithesstats,
768 4324 900 4374 elsewhere
922 4329 1009 4374 leviora
1031 4325 1053 4374 is
1078 4325 1139 4374 ‘less
1158 4325 1266 4375 serious’
1286 4325 1348 4374 than

134 4385 179 4438 the
188 4387 257 4453 large
266 4388 373 4438 number
383 4388 410 4438 oi
417 4388 497 4439 slaves
505 4389 588 4440 which
597 4389 659 4439 Milo
668 4388 718 4439 had
767 4389 828 4454 they
839 4389 903 4439 have
913 4390 975 4440 been
986 4391 1149 4454 represented.
