2976 5356
186 837 208 896 6
510 833 747 910 CLXXXIII.
774 833 897 913 (ΕΔΜ.
929 834 1009 900 VII.
1032 835 1076 919 θ).

190 1030 275 1093 pere,
300 1009 356 1094 qui
380 1008 492 1073 mallet
516 1029 587 1072 eam
613 1029 710 1092 quam
738 1006 879 1072 maxime
903 1007 985 1073 mihi
1005 1014 1114 1094 aptam
1137 1010 1396 1097 explicatamque

190 1114 330 1178 tradere.
377 1112 474 1183 Quod
496 1113 582 1184 situ
603 1132 730 1195 quoque
752 1112 898 1176 eamdem
920 1113 961 1177 de
981 1133 1054 1177 mea
1075 1112 1242 1179 voluntate
1263 1137 1340 1200 erga
1361 1121 1397 1181 te

190 1240 278 1302 spenr
300 1216 408 1294 habes,
424 1240 461 1281 ea
480 1220 512 1280 te
530 1214 673 1301 profecto
695 1236 874 1299 numquam
888 1214 991 1280 fallet.
1037 1215 1070 1279 A
1084 1221 1117 1281 te
1136 1216 1278 1282 maximo
1299 1241 1395 1304 opere

189 1343 247 1406 pro
263 1326 372 1385 nostra
388 1341 514 1384 summa
528 1318 754 1384 coniunctione
767 1324 888 1403 tuaque
907 1319 1065 1405 singulari
1079 1319 1281 1387 humanitate
1295 1323 1393 1387 etiam

190 1429 288 1508 atque
313 1424 411 1488 etiam
441 1444 559 1508 quaeso
585 1429 618 1487 et
644 1426 731 1507 peto,
758 1427 806 1500 ut,
832 1421 1085 1507 quibuscumque
1113 1423 1209 1491 rebus
1231 1425 1393 1510 poteris-

187 1528 307 1612 poteris
337 1532 446 1593 autem
469 1525 836 1612 plurimis—prospicias
861 1530 894 1591 et
922 1527 1069 1592 eonsules
1093 1529 1273 1595 rationibus
1300 1531 1392 1596 meis.

188 1638 219 1699 2.
243 1634 345 1699 Vides
360 1658 400 1698 ex
415 1638 545 1699 senatus
560 1633 704 1698 consulto
719 1631 918 1718 provinciam
939 1655 1005 1698 esse
1020 1633 1213 1701 habendam.
1259 1636 1295 1701 si
1310 1660 1393 1714 eam,

187 1739 274 1823 quod
297 1739 366 1803 eius
388 1738 493 1801 faeere
514 1736 667 1821 potueris,
690 1758 789 1821 quam
810 1736 1085 1821 expeditissimam
1108 1738 1190 1804 mihi
1212 1740 1396 1820 tradideris,

187 1842 312 1907 facilior
328 1842 388 1907 erit
404 1839 484 1904 mihi
500 1840 591 1925 quasi
607 1841 761 1905 decursus
775 1840 840 1905 mei
860 1841 1023 1926 temporis.
1069 1841 1159 1913 Quid
1174 1843 1208 1907 in
1223 1866 1261 1908 eo
1275 1864 1394 1929 genere

188 1947 309 2010 efficere
329 1944 430 2029 possis
450 1944 500 2009 tui
522 1943 647 2009 eonsilii
663 1948 730 2009 est:
754 1966 815 2029 ego
833 1947 877 2022 te,
893 1945 980 2028 quod
996 1945 1057 2010 tibi
1071 1946 1178 2011 veniet
1198 1947 1233 2011 in
1251 1953 1395 2013 mentem

187 2070 259 2112 mea
274 2048 435 2125 interesse,
452 2047 546 2112 valde
564 2069 652 2132 rogo.
699 2044 855 2113 Pluribus
870 2046 976 2112 verbis
995 2048 1037 2112 ed
1052 2052 1083 2113 te
1098 2048 1279 2130 scriberem,
1295 2051 1322 2114 si
1338 2059 1396 2116 unt

187 2158 245 2216 tua
259 2151 446 2215 humanitas
461 2150 642 2236 longiorem
665 2150 842 2215 orationem
858 2154 1056 2236 exspectaret
1076 2157 1134 2217 aut
1152 2153 1188 2217 id
1202 2153 1271 2219 fieri
1285 2159 1397 2219 nostra

186 2255 330 2320 amioitia
356 2258 521 2339 pateretur
543 2260 600 2318 aut
622 2276 673 2319 res
697 2252 796 2319 verba
820 2254 1016 2319 desideraret
1040 2277 1077 2319 ao
1103 2278 1167 2320 non
1191 2279 1249 2342 pro
1271 2257 1397 2343 seipsa

186 2359 379 2444 loqueretur.
426 2357 501 2423 Hoe
525 2357 622 2422 velim
650 2355 711 2423 tibi
738 2358 940 2442 persuadeas,
968 2358 995 2422 si
1016 2359 1197 2425 rationibus
1220 2362 1300 2426 meis
1320 2383 1394 2446 pro-

186 2464 292 2528 visum
308 2486 327 2527 a
341 2467 374 2527 te
396 2485 463 2527 esse
477 2461 679 2539 intellexero,
695 2483 850 2547 magnam
869 2466 903 2527 te
922 2484 963 2526 ex
977 2483 1015 2527 eo
1030 2472 1063 2527 et
1077 2469 1267 2548 perpetuam
1283 2465 1395 2550 volup-

187 2572 288 2633 tutem
304 2589 369 2630 esse
385 2570 564 2649 capturum.

218 2773 258 2831 qni
289 2768 380 2833 nrallet]
436 2769 508 2817 ‘who
535 2769 617 2818 would
645 2769 674 2817 be
701 2783 767 2817 more

186 2835 294 2882 desirous
305 2842 331 2882 to
343 2834 409 2881 hund
424 2833 446 2882 it
457 2850 515 2882 over
528 2839 553 2882 to
564 2850 603 2882 me
618 2833 699 2882 inthe
714 2834 768 2882 best

185 2900 263 2958 order,
288 2899 336 2946 und
362 2906 425 2946 most
447 2898 499 2945 free
521 2898 585 2946 from
607 2898 764 2947 difficulties.'

186 2963 222 3011 To
234 2971 314 3011 creato
325 2962 465 3011 difficulties
477 2963 516 3010 ior
527 2963 595 3011 one's
607 2978 729 3012 successor
740 2963 767 3010 in

818 2767 909 2817 chance
943 2767 971 2817 oi
1000 2784 1066 2817 some
1096 2769 1199 2818 comfort
1227 2769 1254 2818 in
1288 2771 1398 2834 running

818 2833 886 2881 what
903 2832 916 2881 Ι
934 2848 992 2896 may
1007 2833 1053 2881 call
1066 2833 1109 2882 the
1124 2850 1178 2883 rece
1194 2833 1221 2883 oi
1236 2851 1279 2898 my
1289 2843 1352 2884 term
1369 2838 1398 2884 oi

816 2897 905 2946 office.’
939 2900 1061 2945 decurrere
1070 2899 1118 2946 and
1129 2901 1238 2946 deciam
1248 2915 1289 2948 ure
1300 2901 1400 2949 techni-

818 2963 882 3026 enlly
906 2963 965 3010 used
986 2963 1013 3010 iu
1035 2963 1078 3011 the
1100 2979 1168 3012 sense
1191 2964 1218 3012 of
1239 2965 1348 3028 running
1370 2966 1397 3014 iu

185 3046 199 3076 a
211 3028 326 3089 province
338 3043 387 3075 was
401 3031 455 3076 ‘ros
466 3043 514 3075 non
532 3028 603 3076 modo
617 3044 666 3076 non
676 3027 765 3076 abhor-

185 3109 240 3141 rens
252 3109 266 3139 ιι
277 3091 453 3140 consuetudine
469 3093 512 3140 scd
523 3091 614 3140 usitata
627 3092 768 3141 etiamnunc

186 3164 211 3206 et
222 3157 294 3205 vuldo
305 3157 452 3219 pervagata'
468 3156 519 3205 Cic.
534 3156 619 3204 Seunr.
633 3157 643 3218 t
654 3160 694 3204 33.

218 3250 308 3281 erernma
330 3232 501 3297 conmunione]
536 3234 607 3297 They
625 3250 689 3282 were
707 3234 767 3282 both

186 3298 305 3345 members
323 3298 350 3346 of
367 3298 410 3346 the
427 3298 526 3360 Collega
541 3298 569 3345 ei
590 3302 697 3360 Anguis,
719 3299 767 3346 and

186 3362 245 3411 both
257 3369 334 3412 wrote
344 3362 454 3412 treutises
465 3379 497 3411 on
508 3363 611 3423 origum]
621 3363 679 3411 law.

219 3439 379 3504 haeraesitate]
441 3439 610 3499 ‘kindliness,’
653 3439 764 3488 ‘fcllew-

186 3503 298 3566 feeling)

220 3581 399 3641 pelliceamque
419 3581 497 3646 rebrat]
545 3586 586 3629 ‘aa
606 3581 645 3629 far
667 3598 693 3630 as
715 3598 765 3646 you

187 3660 232 3692 eon
244 3645 302 3708 (end
319 3661 368 3707 you
384 3662 429 3693 ean
440 3662 501 3720 very
512 3646 561 3708 far)
577 3646 683 3694 exorciso
697 3646 764 3696 fore·

186 3709 294 3770 thought
304 3711 353 3756 and
364 3709 524 3759 deliberatron
534 3711 561 3759 in
573 3711 640 3760 what
651 3727 766 3761 concerno

186 3789 229 3837 my
240 3773 360 3822 interest.'
535 3791 537 3795 ¹

220 3856 243 3899 2.
263 3853 324 3911 qued
339 3854 389 3898 eise
401 3853 484 3912 faeere
496 3852 600 3918 peteris]
634 3853 695 3902 This
712 3853 734 3902 is
752 3871 768 3903 a

186 3915 308 3964 variation
325 3916 353 3963 ef
370 3916 412 3964 the
434 3917 582 3979 expression,
607 3934 634 3967 so
656 3934 768 3967 (remmon

186 3978 212 4027 in
225 3980 293 4036 luws,
307 3983 369 4041 qreod
382 3983 432 4028 eires
440 3984 499 4041 steri
508 3989 593 4042 potest.
629 3982 683 4031 The
695 3983 766 4046 geni·

186 4043 238 4093 tive
250 4044 270 4093 is
282 4045 412 4107 partitive:
427 4063 465 4108 cp.
480 4046 552 4111 Roby
565 4047 576 4109 l
592 4050 663 4099 1297.

219 4137 288 4181 qrram
306 4123 516 4189 expeditissimam]
548 4129 590 4171 ‘us
607 4124 659 4172 free
675 4140 702 4173 as
736 4141 767 4173 ou

186 4185 295 4249 possibly
310 4195 355 4234 can
372 4187 436 4236 from
453 4188 486 4236 all
502 4188 677 4252 perplexitios.’
714 4141 767 4238 lire

185 4250 296 4312 opposito
306 4252 328 4299 is
340 4255 475 4312 teripede'tus.

213 4315 327 4380 facilior]
373 4322 416 4365 ‘on
442 4317 491 4365 this
523 4317 574 4366 will
602 4319 698 4380 depcnd
724 4334 766 4382 my

816 3042 916 3075 armeur
929 3035 956 3077 at
969 3027 1067 3076 funeral
1081 3043 1163 3090 gamos
1175 3028 1259 3092 (Verg.
1276 3031 1348 3090 AEn,
1361 3030 1399 3079 xi.

819 3092 892 3156 189):
911 3091 996 3150 hence,
1008 3099 1058 3152 too,
1071 3091 1099 3141 oi
1115 3092 1224 3156 runnr'ng
1237 3109 1304 3142 raees
1321 3110 1396 3158 gene-

818 3156 889 3220 rnlly,
900 3173 920 3205 e.
927 3174 952 3219 y.
961 3156 1037 3206 inthe
1046 3157 1268 3220 Lampadspheris:
1280 3175 1319 3232 op.
1329 3159 1397 3209 Pers.

817 3221 852 3269 vi.
867 3225 912 3279 61;
929 3221 1028 3270 Lucret.
1045 3221 1082 3270 iii.
1100 3225 1170 3270 1042.
1208 3223 1280 3279 Quasi
1296 3239 1316 3271 rs
1327 3224 1397 3272 often

818 3286 878 3334 used
888 3292 914 3335 to
925 3285 1005 3334 soften
1017 3302 1032 3334 a
1042 3287 1177 3349 metaphor,
1187 3302 1215 3335 or
1225 3287 1348 3351 apologiae
1358 3287 1399 3337 ior

817 3365 833 3398 a
849 3356 916 3400 stram
934 3367 947 3399 e
964 3350 1102 3413 expression
1120 3350 1194 3414 (Reid
1210 3367 1242 3400 on
1260 3352 1312 3401 Cic.
1332 3353 1394 3402 soll.

818 3415 869 3478 53).
916 3366 940 3463 lt
964 3414 984 3463 is
1006 3415 1075 3479 quite
1096 3415 1208 3478 possible,
1232 3416 1327 3479 though
1349 3417 1398 3466 less

817 3478 903 3543 likely,
912 3480 967 3528 that
975 3496 1012 3528 we
1023 3480 1111 3529 should
1121 3480 1179 3529 here
1187 3481 1304 3530 translate
1314 3482 1397 3531 ‘what

817 3544 830 3592 Ι
831 3544 1013 3656 fllmyfflflthe
1024 3561 1086 3594 even
1100 3545 1190 3594 enflow
1201 3544 1229 3594 ef
1241 3562 1285 3611 my
1295 3552 1358 3595 term
1369 3547 1399 3595 of

816 3624 830 3657 o
857 3609 903 3657 es.’

849 3677 870 3720 si
896 3673 1044 3738 intellexero]
1090 3674 1143 3722 The
1166 3674 1299 3724 indicative
1326 3676 1352 3723 in
1382 3692 1397 3723 a

816 3737 973 3786 subordinate
988 3738 1069 3787 clause
1082 3739 1110 3786 of
1123 3739 1166 3788 the
1182 3739 1266 3788 Oratio
1280 3739 1395 3803 Obliqus.

820 3801 889 3851 With
901 3806 922 3850 si
934 3819 971 3865 ep.
986 3803 1056 3851 Fam.
1069 3803 1121 3852 xvi.
1137 3808 1158 3862 1,
1173 3807 1196 3860 2,
1210 3804 1258 3866 Ep.
1268 3804 1395 3861 cclxxxv.;

818 3871 842 3915 2.
862 3867 909 3930 Ep.
928 3867 1066 3925 cclxxxvi.;
1087 3869 1140 3917 Att.
1164 3867 1208 3916 vii.
1233 3873 1256 3928 8,
1284 3872 1322 3929 ll,
1347 3869 1397 3931 Ep.

819 3932 926 3991 eexeiv.;
945 3931 999 3980 viii.
1020 3936 1059 3981 12.
1081 3933 1125 3988 G.;
1150 3932 1212 3981 with
1232 3939 1395 3994 posteaquam,

819 3996 890 4044 Fam.
900 4013 926 4044 x.
936 3999 975 4057 31,
989 4000 999 4044 1
1012 4013 1018 4056 3
1030 4013 1081 4045 eum
1091 3998 1161 4046 Fam.
1171 3997 1216 4046 xii.
1227 4001 1250 4058 6,
1263 4002 1284 4058 l,
1297 3998 1395 4047 Attia.

819 4064 843 4109 9.
861 4065 890 4119 2;
906 4068 1030 4123 antequem
1038 4064 1092 4112 Att.
1105 4062 1156 4111 xiv.
1167 4066 1207 4122 22,
1220 4066 1246 4120 13
1263 4067 1319 4112 dum
1327 4061 1396 4112 Just.

818 4124 908 4173 i.101.

853 4189 959 4254 teeeeo]
1000 4190 1048 4239 We
1063 4191 1126 4240 have
1142 4191 1252 4240 retained
1270 4198 1291 4239 ta
1307 4190 1335 4240 oi
1353 4191 1397 4241 tho

818 4269 865 4366 resp
876 4254 902 4367 ip
914 4255 1054 4368 preference
1065 4263 1091 4305 to
1102 4273 1145 4315 me,
1158 4272 1185 4304 us
1195 4257 1252 4305 read
1264 4257 1298 4320 by
1306 4256 1396 4305 Miiller

817 4335 848 4367 un
899 4336 969 4369 mer.
