2976 5356
141 836 204 903 196
489 834 641 900 OOLIX.
668 834 792 920 (ΕΔΜ.
815 835 925 902 XIII.
948 835 996 923 2).

140 1031 220 1088 mos,
242 1008 367 1095 legatos
383 1012 467 1088 tuos,
490 1009 578 1094 quod
592 1012 626 1074 et
639 1011 789 1095 quaestor
808 1013 859 1075 est
876 1012 911 1075 et
924 1012 1075 1096 quaestor
1090 1013 1176 1077 tuus.
1222 1009 1351 1081 Nocere

139 1112 201 1181 tibi
214 1113 336 1180 iratum
349 1111 512 1179 neminem
526 1133 619 1198 posse
632 1111 800 1199 perspicio,
815 1113 871 1179 sed
885 1116 995 1180 tamen
1009 1117 1076 1180 tres
1088 1112 1208 1181 trahes
1221 1134 1351 1184 summo

138 1212 208 1280 loeo
229 1215 333 1292 natos,
357 1214 533 1298 promptos,
556 1233 623 1278 non
648 1211 821 1278 indisertos
843 1215 876 1279 te
899 1214 975 1280 nolo
999 1212 1116 1280 hebere
1139 1213 1252 1295 iratos,
1278 1213 1351 1284 iure

138 1315 345 1403 praesertim:
369 1337 449 1402 quos
468 1316 563 1381 video
585 1313 737 1402 deinceps
756 1314 905 1382 tribunos
926 1316 972 1404 pl.
992 1339 1051 1403 per
1071 1316 1253 1384 triennium
1267 1317 1349 1386 iore.

140 1422 172 1486 3.
195 1418 356 1506 Tempore
369 1424 479 1484 autem
493 1419 541 1484 rei
555 1416 703 1504 publieae
717 1419 828 1505 qualia
842 1419 956 1487 futura
969 1421 1036 1487 sint
1049 1421 1121 1506 quia
1135 1421 1225 1488 seit?
1261 1422 1351 1490 Mihi

139 1523 272 1611 quidem
291 1520 480 1588 turbulenta
500 1520 654 1589 videntur
674 1521 754 1590 fore.
802 1521 869 1589 Our
890 1546 952 1609 ago
977 1528 1011 1590 te
1029 1524 1129 1590 velim
1149 1524 1297 1594 insidere
1313 1527 1350 1594 in

137 1631 274 1692 terrores
288 1624 477 1691 tribunioios
490 1625 679 1711 praesertim
698 1648 773 1693 oum
795 1625 865 1692 sine
888 1627 1078 1714 cuiusquam
1098 1627 1350 1714 reprehensione

138 1728 327 1817 quaestoriis
340 1728 457 1815 legatis
471 1732 672 1814 quaestorem
686 1729 787 1815 poesie
801 1729 963 1797 anteferre
976 1731 992 1796 Ρ
1036 1731 1104 1803 Qui
1118 1732 1192 1797 sisa
1206 1732 1350 1821 dignum

138 1831 313 1900 maioribus
327 1832 393 1898 suis
406 1831 601 1918 praebuerit,
615 1835 655 1898 ut
667 1853 760 1919 spero
775 1836 809 1899 et
824 1837 910 1920 opto,
926 1838 984 1899 tua
992 1832 1064 1898 laus
1078 1857 1119 1900 ex
1133 1834 1246 1922 aliqua
1256 1842 1350 1922 perte

138 1937 260 2003 fuerit:
283 1936 333 2001 sin
343 1937 423 2022 quid
437 1937 620 2015 offenderit,
635 1935 698 2003 sibi
712 1940 829 2017 totum,
845 1936 931 2002 nihil
944 1936 1006 2003 tibi
1022 1937 1206 2005 offenderit.
1253 1939 1350 2012 Quae

138 2038 221 2106 mihi
234 2038 408 2106 veniebant
420 2038 456 2105 in
475 2043 629 2120 mentem,
649 2061 732 2126 quae
753 2040 797 2105 ad
819 2044 853 2106 te
869 2041 1031 2127 pertinere
1052 2040 1246 2124 arbitrabar,
1261 2045 1350 2130 quod

137 2142 173 2209 in
197 2142 345 2209 Oilioiam
367 2141 595 2229 profioisoebar,
618 2143 801 2209 existimavi
823 2166 877 2210 me
902 2144 945 2209 ad
969 2149 1003 2210 te
1027 2149 1174 2231 oportere
1198 2145 1349 2214 seribere.

138 2245 191 2312 Tu
205 2246 292 2333 quod
306 2245 419 2332 egeris,
433 2245 470 2311 id
484 2245 582 2312 velim
602 2246 638 2312 di
657 2245 847 2333 approbent.
892 2245 958 2313 Sed
972 2248 1001 2314 si
1013 2269 1067 2314 me
1088 2249 1212 2330 audies,
1227 2250 1353 2318 vitabis

136 2348 323 2415 inimioitias
337 2352 371 2415 et
384 2348 581 2435 posteritatis
595 2349 662 2416 otio
676 2349 833 2416 eonsules.

159 2706 310 2774 OOLIX.
359 2704 528 2771 CICERO
551 2704 609 2771 ΤΟ
633 2704 778 2772 GAIUS
801 2705 1030 2773 MEMMIUS
1055 2707 1158 2793 (Fan.
1183 2731 1264 2776 x111.
1290 2714 1329 2799 a).

290 2940 454 2984 esemona
470 2917 536 3003 (?);
560 2939 592 2983 n.
611 2940 644 2982 n.
662 2940 688 2982 c.
707 2939 773 2993 704;
801 2941 830 2982 a.
848 2942 874 2984 c.
893 2940 943 2993 505
969 2942 1042 2985 nnn.
1061 2943 1120 2985 cro.
1133 2943 1182 3015 pe.

186 3131 223 3180 M.
236 3130 321 3180 Cicero
332 3146 347 3178 a
358 3128 387 3179 C.
401 3127 519 3178 Memmio
530 3127 601 3192 petit,
615 3135 644 3178 ut
654 3129 772 3179 Euandro
789 3130 908 3180 statuario
925 3129 1019 3196 aliquid
1036 3131 1066 3181 de
1080 3132 1181 3182 sacrarii
1192 3132 1351 3186 habitatione

139 3213 313 3263 accommodet.

562 3323 694 3379 CICERO
712 3325 866 3380 MEMMIO
885 3327 912 3380 S.

204 3465 241 3531 O.
257 3463 399 3531 Avianio
414 3463 581 3541 Euandro,
604 3465 661 3550 qui
681 3465 807 3531 habitat
828 3467 863 3532 in
884 3470 941 3532 tuo
964 3467 1111 3545 sacrari0,
1127 3471 1160 3532 et
1176 3468 1249 3552 ipso
1264 3470 1353 3535 mul·

137 3576 209 3637 tum
223 3574 297 3634 utor
317 3573 350 3633 et
364 3572 500 3652 petrono
521 3568 590 3633 eius
609 3568 657 3633 M.
674 3569 816 3635 Aemilio
839 3570 1098 3635 familiarissime.
1145 3571 1229 3637 Peto
1245 3573 1355 3660 igitur

172 3745 297 3801 deinceps.
313 3777 319 3787 .
334 3776 340 3787 .
348 3737 417 3803 sore]
461 3738 531 3787 ‘will
554 3739 584 3787 be
605 3739 718 3787 tribunes
799 3739 964 3805 MEMMIO]
998 3739 1059 3788 This
1077 3740 1099 3788 is
1116 3740 1160 3789 the
1177 3756 1247 3791 sams
1267 3741 1352 3793 Mem-

140 3809 167 3857 οἱ
190 3807 233 3856 tho
253 3805 331 3868 plebs,
355 3803 382 3851 in
410 3803 557 3864 succession,
586 3803 627 3853 for
648 3804 717 3853 three
767 3803 832 3853 mins
854 3812 880 3853 to
903 3806 985 3853 whom
1007 3805 1138 3854 Lucretius
1160 3806 1292 3857 dedicated
1310 3809 1354 3858 his

140 3871 229 3938 years!
767 3884 846 3931 poem,
870 3870 919 3917 and
941 3876 967 3918 to
989 3870 1072 3918 whom
1095 3869 1180 3918 Cicero
1203 3878 1285 3921 wrote
1306 3874 1354 3923 the

173 3942 195 3986 3.
217 3942 316 3983 terrores
338 3933 489 3997 tribeou'cioc]
515 3933 633 3982 ‘become
655 3933 714 3982 sub·
767 3936 862 3982 famous
873 3934 946 3983 letter
959 3934 1029 3983 Fam.
1042 3933 1097 3982 xiii.
1112 3939 1134 3994 1,
1148 3934 1197 3996 Ep.
1211 3936 1297 3986 croix.

139 4003 191 4065 ject
212 4007 238 4050 to
261 4005 374 4049 constant
395 3997 563 4046 intimidution
585 3999 649 4046 from
673 3998 717 4047 tho
801 4000 826 4047 0.
855 4001 962 4047 Avianio
991 3998 1118 4064 Etcaudro]
1168 3999 1210 4048 He
1240 4017 1294 4050 was
1336 4019 1352 4052 a

138 4065 268 4116 tribunes)
766 4063 891 4111 froedmnn
903 4063 930 4112 of
947 4063 984 4112 M.
997 4064 1118 4112 Aemilius
1129 4063 1255 4114 Avianius
1266 4065 1352 4130 (Fam

139 4125 716 4244 ..cessitate..hirsutus
765 4127 826 4240 os
843 4128 1115 4243 {lellt'mltlh‘l
1129 4136 1191 4242 *tl
1206 4130 1355 4245 elan

138 4210 329 4309 attainablopin
357 4228 400 4304 the
428 4209 543 4319 ordiilury
574 4271 659 4304 course
688 4256 716 4304 of
765 4209 995 4319 gnislibdscnlptor,
1011 4246 1059 4306 ind
1076 4257 1162 4307 Cicero
1176 4258 1228 4308 had
1238 4260 1355 4325 dealing:

138 4326 231 4387 things,
244 4330 332 4383 optare,
345 4322 385 4369 for
397 4321 463 4368 what
476 4321 497 4368 is
508 4319 642 4368 attuinable
656 4321 714 4384 only
765 4321 827 4369 nith
844 4321 896 4370 him
914 4323 994 4384 (Fam.
1013 4322 1056 4371 vii.
1076 4326 1116 4381 23,
1136 4322 1351 4391 1‚Ep.cxxvi.).

138 4384 715 4454 byoxtrnordinarygoodtortuneisvirtuully
765 4387 889 4435 Antonius
916 4386 1023 4450 brought
1053 4387 1105 4435 him
1133 4394 1161 4436 to
1185 4388 1351 4451 Alexandria,

138 4452 351 4567 exgrosaedhere.
386 4450 529 4498 Translate:
554 4455 597 4498 ‘ns
617 4450 630 4498 1
650 4450 715 4512 hope
765 4451 874 4525 whence·
888 4450 920 4500 he
943 4452 1261 4568 lMtebMMthkafth
1271 4454 1353 4569 {ome

138 4536 169 4568 en
215 4535 266 4567 run
763 4531 821 4563 aaa
855 4532 948 4565 nsoner
1016 4534 1029 4564 r
1074 4533 1210 4567 anco
1262 4537 1350 4570 cum.

168 4535 320 4644 poitcditotts
331 4578 391 4644 otio]
409 4578 481 4627 ‘take
497 4578 605 4641 thought
620 4577 660 4627 for
670 4579 714 4628 tho
764 4532 914 4629 ulteriores
925 4580 956 4629 he
968 4582 1068 4630 worked
1083 4588 1109 4630 nt
1120 4582 1160 4631 hia
1170 4590 1211 4632 art
1221 4583 1249 4633 in
1262 4585 1349 4645 Rome,

139 4665 212 4711 peace
240 4648 267 4696 of
294 4661 357 4709 your
384 4643 449 4692 niter
475 4643 539 4693 life!
582 4645 713 4691 I’oslcritao
763 4646 811 4692 and
823 4661 861 4693 wo
872 4646 930 4694 henr
941 4646 968 4694 of
979 4647 1018 4694 his
1029 4646 1122 4709 hosmrg
1133 4658 1276 4709 putanew
1287 4650 1351 4700 head

139 4730 223 4762 rncans
240 4712 391 4773 subsequent
412 4708 480 4767 time,
499 4715 543 4757 not
565 4707 712 4772 necessarily
763 4724 793 4757 on
806 4725 821 4758 a
835 4717 915 4759 statue
932 4711 959 4759 of
970 4712 1085 4769 Artemis,
1100 4713 1134 4776 by
1149 4712 1306 4776 Timotheus,
1321 4715 1348 4763 in

138 4779 198 4827 time
217 4777 282 4825 after
301 4775 369 4823 onc's
388 4773 477 4822 death:
496 4790 533 4836 ep.
554 4773 608 4822 Cat.
625 4773 642 4821 i.
663 4777 710 4831 22;
763 4774 805 4822 the
823 4774 926 4837 Temple
944 4778 973 4825 of
989 4776 1032 4824 the
1051 4776 1164 4826 Pulntine
1182 4779 1290 4842 Apollo:
1308 4795 1346 4843 cp.

139 4845 209 4892 Casa.
224 4840 287 4892 Bell.
301 4840 356 4890 civ.
370 4841 387 4888 i.
402 4841 440 4900 13,
457 4841 479 4899 l,
492 4838 584 4903 quoted
595 4839 629 4902 by
643 4837 710 4888 Hof·
764 4839 830 4887 l’lin.
843 4838 879 4888 Η.
892 4840 926 4888 N.
940 4840 1029 4889 xxxvi.
1043 4843 1083 4889 32.

138 4924 222 4958 mann.
796 4904 915 4971 sacrario]
937 4905 1071 4955 Memmius
1078 4905 1183 4957 allowed
1190 4906 1347 4960 drieninsto
