2976 5356
135 830 201 896 254
465 827 678 896 cosm]
685 827 722 894 V.
748 824 864 909 (Art.
895 824 976 892 VII.
999 825 1045 910 1).

135 1003 204 1083 bas,
219 1005 362 1081 ἐπίτηκτα
376 1001 520 1068 fuerunt.
565 1002 596 1065 6.
621 999 729 1072 Quam
742 1021 810 1065 non
824 1001 873 1064 est
888 997 993 1064 facilis
1007 997 1133 1064 virtus!
1157 1019 1260 1085 qnam
1274 1019 1352 1067 vero

137 1106 277 1173 difficilis
292 1107 360 1172 eius
375 1106 530 1172 diuturna
551 1104 733 1171 simulatio!
780 1101 865 1169 Cum
887 1103 974 1168 enim
994 1101 1057 1169 hoo
1077 1107 1205 1170 rectum
1226 1107 1261 1169 et
1279 1102 1347 1189 glo-

137 1211 258 1276 riosum
273 1214 431 1296 putarem,
455 1231 496 1274 ex
518 1230 626 1274 annuo
645 1212 787 1294 sumptu,
803 1206 860 1292 qui
874 1205 957 1272 mihi
970 1205 1118 1273 decretus
1131 1210 1228 1285 esset,
1241 1229 1296 1273 me
1309 1204 1346 1273 0.

138 1312 247 1379 Caelio
257 1313 418 1398 quaestori
426 1312 607 1398 relinquere
621 1332 776 1390 aunuum,
791 1309 911 1375 referre
925 1309 962 1374 in
976 1309 1137 1376 ceramum
1147 1310 1191 1377 ed
1202 1308 1276 1377 HS.
1289 1330 1349 1392 cm,

137 1415 300 1502 ingemuit
314 1418 424 1480 nostra
438 1414 559 1495 cohors,
580 1436 675 1480 omno
696 1414 781 1479 illud
799 1417 919 1499 putans
938 1412 1090 1480 distribui
1109 1412 1172 1480 sibi
1192 1418 1349 1500 oportere,

138 1524 177 1585 ut
191 1541 252 1603 ego
268 1517 399 1584 amicior
413 1517 575 1583 invenirer
582 1515 755 1603 Phrygum
770 1520 804 1583 et
814 1514 953 1582 Cilicum
967 1517 1098 1583 aerariis
1112 1539 1214 1604 quam
1227 1522 1346 1584 nostro.

139 1621 204 1688 Sed
224 1643 364 1687 menon
387 1625 568 1687 moverunt.
614 1619 704 1687 Nam
728 1624 762 1686 et
785 1643 858 1686 mea
882 1621 953 1687 laus
979 1622 1067 1708 apud
1089 1643 1142 1687 mo
1167 1621 1346 1707 plurimum

138 1725 262 1791 valuit:
285 1746 345 1789 neo
361 1728 471 1789 tamen
493 1724 671 1810 quidquam
688 1723 862 1790 honorifice
881 1724 917 1789 in
937 1747 1133 1811 quemquam
1152 1724 1226 1792 fieri
1243 1725 1351 1812 potuit

140 1828 227 1914 quod
241 1826 518 1913 praetermiserim.
563 1826 628 1893 Sed
642 1826 721 1893 haec
734 1826 845 1906 fuerit,
860 1831 899 1894 ut
919 1829 966 1893 ait
986 1828 1205 1914 Thucydides,
1225 1829 1350 1914 ἐκβολῆ

141 1930 245 2014 λόγου
260 1952 326 1995 non
340 1930 476 1996 inutilis.
508 1932 539 1996 7.
556 1929 609 1996 Tu
622 1934 732 1997 autem
744 1931 785 1997 de
795 1935 905 1997 nostro
917 1935 1005 1997 statu
1014 1931 1190 2018 cogitabis:
1206 1933 1349 2019 primum

141 2055 205 2120 quo
234 2034 369 2100 artificio
397 2038 549 2100 tueamur
581 2034 839 2101 benevolentiam
874 2033 1028 2115 Caesaris,
1059 2036 1179 2103 deindo
1209 2037 1252 2104 do
1282 2037 1352 2125 ipso

140 2137 317 2224 triumpho,
347 2159 443 2223 quem
472 2138 576 2218 video,
606 2138 671 2204 nisi
706 2138 754 2204 rei
789 2137 936 2225 publicae
974 2144 1121 2226 tempora
1155 2141 1350 2228 impedient,

142 2242 341 2328 εὐπόριστον.
385 2240 500 2308 Iudico
521 2247 631 2308 autem
650 2263 725 2308 oum
743 2264 785 2308 ex
805 2242 923 2307 litteris
936 2243 1112 2309 amicorum
1125 2245 1201 2309 tum
1220 2266 1265 2310 ex
1278 2266 1349 2332 sup·

142 2345 325 2432 plicatione,
345 2366 444 2430 quam
465 2345 522 2431 qui
541 2367 607 2410 nou
627 2345 777 2425 decrevit,
798 2346 872 2432 plus
896 2346 1046 2425 decrevit,
1066 2368 1166 2432 quam
1192 2347 1221 2413 si
1241 2368 1354 2415 omues

143 2450 300 2514 decresset
315 2447 504 2533 triumphos.
549 2447 594 2513 Ei
609 2470 703 2535 porro
725 2450 878 2514 adsensus
898 2453 947 2515 ost
961 2472 1047 2514 uuus
1062 2449 1236 2516 familiaris
1251 2472 1352 2532 meus,

143 2550 319 2630 Favonius,
335 2551 542 2631 alternatus,
558 2551 691 2617 Hirrus.
737 2550 817 2617 Cato
838 2557 947 2618 autem
962 2557 995 2618 et
1010 2552 1179 2619 scribendo
1194 2553 1308 2621 adfuit
1321 2557 1353 2621 et

145 2656 187 2720 ad
201 2678 253 2719 me
274 2656 314 2718 de
337 2656 496 2719 sententia
516 2679 574 2720 sua
597 2656 842 2721 iucundissimas
865 2657 988 2720 litteras
1009 2656 1107 2722 misit.
1152 2657 1220 2723 Sed
1241 2664 1351 2724 tamen

144 2758 312 2843 gratulans
337 2758 420 2822 mihi
447 2757 563 2823 (laesor
585 2761 626 2823 de
655 2760 888 2844 supplicatione
915 2760 1097 2846 triumphat
1120 2762 1160 2826 de
1192 2763 1353 2827 sententis

146 2861 287 2940 Catonis,
311 2884 369 2925 nee
391 2860 500 2925 scribit
518 2861 596 2946 qnid
616 2863 672 2927 ille
690 2864 868 2928 sententiae
891 2864 1019 2943 dixerit,
1043 2865 1099 2929 sed
1117 2869 1261 2944 tantum,
1278 2888 1351 2951 sup·

144 2965 353 3050 plicationem
383 2987 457 3028 eum
486 2964 568 3028 mihi
597 2988 663 3030 non
693 2966 877 3031 decrevisse.
928 2969 959 3031 8.
984 2967 1094 3033 Redeo
1125 2970 1168 3032 ad
1199 2967 1352 3034 Hirrum.

146 3069 304 3154 Coeperas
319 3091 393 3132 eum
408 3067 490 3131 mihi
507 3068 649 3151 placare:
665 3069 800 3153 perfice:
823 3069 921 3134 habes
937 3069 1091 3149 Scrofam,
1104 3070 1353 3151 habesSilium3

146 3174 188 3236 ad
203 3195 256 3236 eos
271 3194 331 3256 ego
347 3172 444 3236 etiam
460 3176 555 3234 antea
575 3171 696 3256 scripsi,
718 3177 825 3253 scrt'paz'
839 3174 998 3259 adipsum
1010 3174 1160 3239 Hirrum.
1208 3174 1355 3241 Locutus

146 3276 233 3340 enim
260 3280 328 3338 erat
351 3297 423 3338 cum
446 3273 496 3338 his
519 3277 693 3354 commode,
716 3298 749 3339 se
771 3277 911 3360 potuisse
933 3278 1100 3363 impedire,
1123 3279 1180 3343 sed
1201 3279 1355 3358 noluisse,

147 3380 319 3442 adsensum
331 3382 440 3441 tamen
456 3399 521 3441 esse
533 3376 659 3456 Catoni,
676 3379 866 3444 amicissimo
881 3404 963 3459 mec,
980 3404 1052 3445 oum
1062 3382 1356 3448 iehonorifioentis-

147 3482 262 3547 simam
272 3481 307 3544 in
322 3503 374 3544 mo
390 3481 583 3545 sententiam
592 3481 734 3560 dixisset,
751 3505 810 3546 nee
825 3505 877 3548 me
892 3486 933 3548 ad
944 3507 976 3549 se
988 3485 1070 3549 ullas
1080 3485 1205 3551 litteras
1219 3486 1359 3566 misisse,

148 3664 229 3728 rently
246 3662 318 3726 solid)
335 3663 429 3711 virtues
447 3663 528 3711 which
546 3663 726 3726 distinguished
809 3667 832 3717 7.
852 3666 1009 3732 εὐπορίστον]
1046 3666 1182 3732 ἧίοεείΜο]

148 3731 190 3779 the
202 3731 305 3778 conduct
319 3728 345 3775 of
357 3745 398 3791 my
406 3730 463 3775 stall
470 3737 496 3776 at
507 3729 549 3777 the
560 3737 641 3778 outset
648 3729 675 3777 of
683 3746 725 3792 my
804 3735 862 3791 plns
877 3732 989 3796 decrerit]
1024 3732 1070 3781 See
1088 3733 1157 3780 Fani.
1177 3747 1219 3779 xv.
1237 3733 1252 3779 5
1267 3732 1317 3780 and
1332 3734 1358 3791 6,

148 3802 307 3858 govennnent
319 3810 382 3841 were
395 3809 459 3841 merc
473 3795 609 3855 r·eneeriny,'
622 3795 726 3856 adopted
775 3795 838 3858 Epp.
853 3796 1220 3855 cclxvi.,eelxxviii.,and1ttt.
1234 3796 1279 3845 vii.
1294 3799 1316 3855 2,
1332 3799 1357 3855 7,

148 3862 187 3908 lor
198 3860 274 3917 show,
289 3867 332 3906 not
342 3857 458 3905 intended
467 3865 493 3906 to
504 3859 666 3907 lust—which
676 3876 726 3906 wrss
775 3860 822 3922 Ep.
843 3861 938 3909 eeneiii.
974 3862 1071 3909 Caelius
1092 3862 1213 3909 describes
1236 3861 1281 3910 the
1302 3872 1359 3924 part

148 3925 234 3973 shown
253 3925 339 3971 b'the
357 3939 479 3970 niunnnrs
496 3924 522 3970 oi
538 3924 576 3971 his
590 3926 655 3982 stoli,
669 3924 725 3972 who
775 3926 849 3972 taken
865 3926 897 3988 by
915 3926 1006 3974 Hirrus
1024 3928 1072 3974 and
1091 3926 1217 3975 Favonius
1237 3925 1266 3975 in
1285 3926 1357 3974 Fam.

148 3989 255 4051 thought
265 3941 349 4036 dicero
360 3988 448 4035 should
458 3988 521 4036 bave
531 3988 629 4036 divided
636 4004 725 4050 among
775 3989 828 4038 viii.
844 3993 881 4048 ll,
896 3994 918 4047 2,
933 3991 979 4052 lip.
992 3990 1090 4039 cclxvii.

148 4055 216 4102 them
234 4053 275 4101 tho
298 4069 352 4100 suni
375 4055 487 4101 reserved
509 4053 542 4116 by
559 4053 611 4101 him
627 4053 667 4101 for
683 4053 725 4101 tho
809 4057 942 4114 triumphat
953 4055 993 4119 dc]
1014 4056 1109 4103 ‘exulto
1120 4071 1178 4104 over
1190 4054 1276 4104 Gato’s
1288 4059 1357 4104 vcte'

149 4119 232 4181 public
243 4126 364 4180 treasnry.
776 4119 872 4180 against
899 4120 941 4167 the
969 4120 1131 4182 supplication
1158 4120 1185 4167 in
1208 4119 1307 4168 honour
1331 4119 1361 4168 oi

183 4187 207 4231 6.
226 4185 320 4240 ἐκβολὴ
338 4180 427 4245 λόγου]
462 4180 540 4229 Thus.
565 4181 583 4229 i.
602 4182 640 4238 97,
668 4181 727 4230 ‘but
777 4182 869 4241 Cicero,
890 4185 972 4232 which
991 4185 1021 4232 hc
1041 4185 1147 4247 thought
1166 4184 1250 4233 would
1269 4183 1360 4233 datach

150 4263 199 4311 you
212 4256 277 4294 must
288 4247 345 4294 look
356 4263 387 4294 on
399 4245 449 4294 this
460 4262 486 4293 as
497 4262 512 4293 u
520 4245 654 4308 digression
662 4246 726 4294 from
778 4248 861 4295 Cicero
873 4250 934 4296 from
943 4249 985 4297 the
994 4249 1193 4311 l'ompeianside.
1219 4248 1247 4298 It
1255 4264 1361 4312 appears

149 4313 192 4360 tho
204 4315 270 4359 main
282 4312 378 4373 subject
391 4313 417 4358 ol
428 4328 470 4373 my
481 4311 561 4369 letter,
574 4311 670 4373 though
684 4319 727 4358 not
776 4312 840 4360 from
858 4315 910 4361 Att.
924 4314 967 4361 vii.
984 4317 1006 4373 2,
1022 4317 1043 4372 i,
1063 4315 1110 4376 Ep.
1129 4312 1236 4373 ccxciii,
1255 4329 1272 4362 a
1287 4313 1361 4362 latter

150 4377 256 4424 without
271 4376 303 4423 its
320 4392 362 4424 use
380 4376 476 4434 cither,'
495 4392 521 4422 us
537 4378 557 4423 it
574 4376 652 4437 might
670 4375 727 4437 help
777 4378 877 4425 written
896 4379 981 4442 nearly
1000 4395 1014 4426 u
1032 4379 1119 4427 mouth
1138 4380 1203 4427 after
1221 4378 1282 4438 this,
1303 4377 1361 4428 that

150 4442 248 4489 Atticus
259 4448 285 4489 to
296 4441 366 4487 make
383 4457 416 4502 up
433 4440 471 4487 his
485 4440 553 4487 mind
565 4441 631 4488 wbut
643 4442 728 4488 advice
778 4441 863 4490 Cicero
875 4443 1021 4506 completely
1030 4444 1140 4506 changed
1152 4444 1191 4491 his
1202 4443 1272 4492 mind
1283 4443 1360 4492 about

150 4506 253 4568 togivc.
281 4505 406 4553 Thelater
419 4506 651 4563 wordsforlwflost
664 4521 728 4554 were
777 4506 819 4554 the
833 4507 935 4556 motivas
947 4508 1028 4556 which
1043 4510 1157 4557 aetuuted
1168 4508 1239 4568 Cato,
1257 4509 1358 4557 andre-

152 4572 265 4630 διέξοδος,
284 4574 443 4632 παρέκβασις.
478 4569 551 4629 lldt.,
565 4569 599 4618 iv.
614 4573 653 4629 30,
672 4586 728 4617 uses
780 4573 870 4633 garded
881 4571 923 4620 the
935 4589 1019 4621 course
1031 4573 1112 4621 which
1125 4574 1156 4621 he
1168 4573 1361 4622 tookssansct

152 4638 287 4697 προσθήκη,
312 4636 361 4682 und
383 4636 520 4697 παρενθήκη
543 4637 621 4695 λόγου
648 4634 668 4682 is
699 4640 729 4681 ‘a
779 4635 806 4684 of
822 4652 885 4698 open
902 4638 1003 4701 cnmity,
1023 4646 1065 4686 not
1084 4655 1117 4686 an
1133 4637 1237 4700 implied
1259 4637 1361 4701 compli-

152 4700 298 4762 digression’
318 4700 402 4747 invii.
424 4703 478 4750 171.
513 4699 566 4747 The
580 4706 654 4747 tenus
669 4700 729 4747 used
779 4708 854 4760 ment,
871 4717 897 4749 as
910 4703 970 4751 (luto
982 4702 1075 4751 wished
1089 4707 1253 4765 torepresent
1264 4702 1292 4762 it,
1310 4702 1361 4751 and

152 4765 185 4828 by
204 4763 350 4823 Quintilian,
370 4765 405 4811 iii.
424 4767 446 4822 9,
466 4769 489 4822 4,
509 4780 550 4813 arc
565 4766 664 4825 egressio
681 4765 729 4811 and
779 4782 806 4811 as
822 4766 906 4816 Cicero
920 4768 946 4815 in
960 4767 1010 4817 this
1026 4767 1099 4818 letter
1115 4784 1218 4831 appears
1232 4775 1260 4818 to
1273 4767 1362 4831 segurd

153 4846 263 4888 execrans,
282 4829 364 4878 which
382 4830 462 4890 latter,
482 4829 513 4879 hc
532 4845 595 4892 says,
616 4832 729 4877 irritatius
779 4829 807 4879 it.

151 4897 293 4955 cssoeoepit.
