<?xml version="1.0" encoding="UTF-8"?>
<!DOCTYPE html PUBLIC "-//W3C//DTD XHTML 1.0 Transitional//EN"
    "http://www.w3.org/TR/xhtml1/DTD/xhtml1-transitional.dtd">
<html xmlns="http://www.w3.org/1999/xhtml" xml:lang="en" lang="en">
 <head>
  <title>
</title>
<meta http-equiv="Content-Type" content="text/html;charset=utf-8" />
  <meta name='ocr-system' content='tesseract 3.04.00' />
  <meta name='ocr-capabilities' content='ocr_page ocr_carea ocr_par ocr_line ocrx_word'/>
</head>
<body>
  <div class='ocr_page' id='page_1' title='image "./correspondencem02cicegoog_0323.png"; bbox 0 0 2956 4866; ppageno 0'>
   <div class='ocr_carea' id='block_1_1' title="bbox 145 347 1013 433">
    <p class='ocr_par' dir='ltr' id='par_1_1' title="bbox 145 347 1013 433">
     <span class='ocr_line' id='line_1_1' title="bbox 145 347 1013 433; baseline -0.002 -19"><span class='ocrx_word' id='word_1_1' title='bbox 145 349 209 415; x_wconf 85' lang='lat'><strong>210</strong></span> <span class='ocrx_word' id='word_1_2' title='bbox 527 348 714 417; x_wconf 72' lang='lat' dir='ltr'><strong>cosm</strong></span> <span class='ocrx_word' id='word_1_3' title='bbox 738 347 854 433; x_wconf 69' lang='lat' dir='ltr'><strong>(arr.</strong></span> <span class='ocrx_word' id='word_1_4' title='bbox 885 348 945 415; x_wconf 76' lang='lat' dir='ltr'><strong>rr.</strong></span> <span class='ocrx_word' id='word_1_5' title='bbox 968 348 1013 432; x_wconf 74' lang='lat' dir='ltr'><strong>a).</strong></span> 
     </span>
    </p>
   </div>
   <div class='ocr_carea' id='block_1_2' title="bbox 140 520 1350 2474">
    <p class='ocr_par' dir='ltr' id='par_1_2' title="bbox 140 520 1350 2474">
     <span class='ocr_line' id='line_1_2' title="bbox 146 520 1345 609; baseline -0.002 -20"><span class='ocrx_word' id='word_1_6' title='bbox 146 544 212 589; x_wconf 92' lang='lat' dir='ltr'><strong>sem</strong></span> <span class='ocrx_word' id='word_1_7' title='bbox 231 522 329 589; x_wconf 83' lang='lat' dir='ltr'>Bruti</span> <span class='ocrx_word' id='word_1_8' title='bbox 350 526 476 609; x_wconf 75' lang='lat' dir='ltr'><strong>rogatu,</strong></span> <span class='ocrx_word' id='word_1_9' title='bbox 490 522 596 589; x_wconf 89' lang='lat' dir='ltr'><strong>multa</strong></span> <span class='ocrx_word' id='word_1_10' title='bbox 617 524 651 588; x_wconf 90' lang='lat' dir='ltr'><strong>et</strong></span> <span class='ocrx_word' id='word_1_11' title='bbox 672 521 757 588; x_wconf 86' lang='lat' dir='ltr'><strong>dixit</strong></span> <span class='ocrx_word' id='word_1_12' title='bbox 775 526 810 589; x_wconf 88' lang='lat' dir='ltr'><strong>et</strong></span> <span class='ocrx_word' id='word_1_13' title='bbox 828 520 907 589; x_wconf 82' lang='lat' dir='ltr'><strong>fecit</strong></span> <span class='ocrx_word' id='word_1_14' title='bbox 926 542 1001 588; x_wconf 89' lang='lat' dir='ltr'><strong>oum</strong></span> <span class='ocrx_word' id='word_1_15' title='bbox 1021 521 1166 609; x_wconf 85' lang='lat' dir='ltr'><strong>quedam</strong></span> <span class='ocrx_word' id='word_1_16' title='bbox 1185 540 1260 587; x_wconf 82' lang='lat' dir='ltr'><strong>mea</strong></span> <span class='ocrx_word' id='word_1_17' title='bbox 1275 540 1345 587; x_wconf 86' lang='lat' dir='ltr'><strong>oon·</strong></span> 
     </span>
     <span class='ocr_line' id='line_1_3' title="bbox 145 622 1349 712; baseline -0.001 -21"><span class='ocrx_word' id='word_1_18' title='bbox 145 626 290 705; x_wconf 90' lang='lat' dir='ltr'><strong>tumelia,</strong></span> <span class='ocrx_word' id='word_1_19' title='bbox 320 626 360 692; x_wconf 86' lang='lat' dir='ltr'><strong>P.</strong></span> <span class='ocrx_word' id='word_1_20' title='bbox 391 625 499 693; x_wconf 76' lang='lat' dir='ltr'><strong>clodii</strong></span> <span class='ocrx_word' id='word_1_21' title='bbox 527 625 624 692; x_wconf 89' lang='lat' dir='ltr'><strong>canis.</strong></span> <span class='ocrx_word' id='word_1_22' title='bbox 680 623 717 691; x_wconf 96' lang='lat' dir='ltr'><strong>Is</strong></span> <span class='ocrx_word' id='word_1_23' title='bbox 745 647 798 692; x_wconf 90' lang='lat' dir='ltr'><strong>me</strong></span> <span class='ocrx_word' id='word_1_24' title='bbox 826 647 887 692; x_wconf 91' lang='lat' dir='ltr'><strong>neo</strong></span> <span class='ocrx_word' id='word_1_25' title='bbox 915 625 1172 712; x_wconf 85' lang='lat' dir='ltr'><strong>proficiscentem</strong></span> <span class='ocrx_word' id='word_1_26' title='bbox 1205 622 1349 709; x_wconf 75' lang='lat' dir='ltr'><strong>Apamea</strong></span> 
     </span>
     <span class='ocr_line' id='line_1_4' title="bbox 145 726 1348 816; baseline -0.002 -19"><span class='ocrx_word' id='word_1_27' title='bbox 145 734 331 816; x_wconf 89' lang='lat' dir='ltr'><strong>prosecutus</strong></span> <span class='ocrx_word' id='word_1_28' title='bbox 351 734 399 796; x_wconf 89' lang='lat' dir='ltr'><strong>est</strong></span> <span class='ocrx_word' id='word_1_29' title='bbox 417 752 486 809; x_wconf 90' lang='lat' dir='ltr'><strong>nec,</strong></span> <span class='ocrx_word' id='word_1_30' title='bbox 501 751 575 796; x_wconf 92' lang='lat' dir='ltr'><strong>oum</strong></span> <span class='ocrx_word' id='word_1_31' title='bbox 594 733 705 815; x_wconf 88' lang='lat' dir='ltr'><strong>postea</strong></span> <span class='ocrx_word' id='word_1_32' title='bbox 718 728 755 794; x_wconf 92' lang='lat' dir='ltr'><strong>in</strong></span> <span class='ocrx_word' id='word_1_33' title='bbox 770 731 875 795; x_wconf 87' lang='lat' dir='ltr'><strong>caetra</strong></span> <span class='ocrx_word' id='word_1_34' title='bbox 892 729 1033 796; x_wconf 86' lang='lat' dir='ltr'><strong>venisset</strong></span> <span class='ocrx_word' id='word_1_35' title='bbox 1046 731 1147 815; x_wconf 84' lang='lat' dir='ltr'><strong>atque</strong></span> <span class='ocrx_word' id='word_1_36' title='bbox 1160 727 1239 794; x_wconf 90' lang='lat' dir='ltr'><strong>inde</strong></span> <span class='ocrx_word' id='word_1_37' title='bbox 1253 726 1348 795; x_wconf 84' lang='lat' dir='ltr'><strong>discs-</strong></span> 
     </span>
     <span class='ocr_line' id='line_1_5' title="bbox 144 831 1349 920; baseline 0 -21"><span class='ocrx_word' id='word_1_38' title='bbox 144 833 244 914; x_wconf 82' lang='lat' dir='ltr'><strong>deret,</strong></span> <span class='ocrx_word' id='word_1_39' title='bbox 268 834 446 920; x_wconf 91' lang='lat' dir='ltr'><strong>‘numquid</strong></span> <span class='ocrx_word' id='word_1_40' title='bbox 460 832 592 899; x_wconf 84' lang='lat' dir='ltr'><strong>vellem&#39;</strong></span> <span class='ocrx_word' id='word_1_41' title='bbox 613 832 751 918; x_wconf 84' lang='lat' dir='ltr'><strong>rogavit,</strong></span> <span class='ocrx_word' id='word_1_42' title='bbox 766 836 800 899; x_wconf 89' lang='lat' dir='ltr'><strong>at</strong></span> <span class='ocrx_word' id='word_1_43' title='bbox 814 832 879 898; x_wconf 82' lang='lat' dir='ltr'><strong>fuit</strong></span> <span class='ocrx_word' id='word_1_44' title='bbox 893 835 1004 918; x_wconf 88' lang='lat' dir='ltr'><strong>aparte</strong></span> <span class='ocrx_word' id='word_1_45' title='bbox 1019 831 1104 899; x_wconf 91' lang='lat' dir='ltr'><strong>mihi</strong></span> <span class='ocrx_word' id='word_1_46' title='bbox 1116 831 1226 898; x_wconf 85' lang='lat' dir='ltr'><strong>nescio</strong></span> <span class='ocrx_word' id='word_1_47' title='bbox 1240 852 1307 917; x_wconf 79' lang='lat' dir='ltr'><strong>qua</strong></span> <span class='ocrx_word' id='word_1_48' title='bbox 1316 852 1349 899; x_wconf 82' lang='lat' dir='ltr'><strong>rs</strong></span> 
     </span>
     <span class='ocr_line' id='line_1_6' title="bbox 145 935 1349 1023; baseline -0.002 -20"><span class='ocrx_word' id='word_1_49' title='bbox 145 958 211 1003; x_wconf 90' lang='lat' dir='ltr'><strong>non</strong></span> <span class='ocrx_word' id='word_1_50' title='bbox 233 936 365 1004; x_wconf 90' lang='lat' dir='ltr'><strong>amicus.</strong></span> <span class='ocrx_word' id='word_1_51' title='bbox 410 936 512 1003; x_wconf 90' lang='lat' dir='ltr'><strong>Hunc</strong></span> <span class='ocrx_word' id='word_1_52' title='bbox 534 959 596 1023; x_wconf 85' lang='lat' dir='ltr'><strong>ago</strong></span> <span class='ocrx_word' id='word_1_53' title='bbox 615 937 643 1002; x_wconf 92' lang='lat' dir='ltr'><strong>si</strong></span> <span class='ocrx_word' id='word_1_54' title='bbox 662 935 699 1001; x_wconf 92' lang='lat' dir='ltr'><strong>in</strong></span> <span class='ocrx_word' id='word_1_55' title='bbox 717 936 888 1021; x_wconf 83' lang='lat' dir='ltr'><strong>praefectis</strong></span> <span class='ocrx_word' id='word_1_56' title='bbox 909 936 1105 1015; x_wconf 74' lang='lat' dir='ltr'><strong>habuissem,</strong></span> <span class='ocrx_word' id='word_1_57' title='bbox 1124 956 1227 1023; x_wconf 88' lang='lat' dir='ltr'><strong>quem</strong></span> <span class='ocrx_word' id='word_1_58' title='bbox 1243 940 1284 1001; x_wconf 86' lang='lat' dir='ltr'><strong>tu</strong></span> <span class='ocrx_word' id='word_1_59' title='bbox 1300 956 1349 1002; x_wconf 84' lang='lat' dir='ltr'><strong>ma</strong></span> 
     </span>
     <span class='ocr_line' id='line_1_7' title="bbox 145 1038 1348 1127; baseline 0 -22"><span class='ocrx_word' id='word_1_60' title='bbox 145 1041 310 1107; x_wconf 90' lang='lat' dir='ltr'><strong>homiuem</strong></span> <span class='ocrx_word' id='word_1_61' title='bbox 331 1042 487 1127; x_wconf 79' lang='lat' dir='ltr'><strong>putares?</strong></span> <span class='ocrx_word' id='word_1_62' title='bbox 530 1039 607 1120; x_wconf 79' lang='lat' dir='ltr'><strong>Qui,</strong></span> <span class='ocrx_word' id='word_1_63' title='bbox 622 1045 662 1106; x_wconf 90' lang='lat' dir='ltr'><strong>ut</strong></span> <span class='ocrx_word' id='word_1_64' title='bbox 680 1040 750 1120; x_wconf 90' lang='lat' dir='ltr'><strong>sois,</strong></span> <span class='ocrx_word' id='word_1_65' title='bbox 765 1040 1062 1126; x_wconf 89' lang='lat' dir='ltr'><strong>potentissimorum</strong></span> <span class='ocrx_word' id='word_1_66' title='bbox 1082 1038 1259 1106; x_wconf 87' lang='lat' dir='ltr'><strong>hominum</strong></span> <span class='ocrx_word' id='word_1_67' title='bbox 1279 1058 1348 1105; x_wconf 84' lang='lat' dir='ltr'><strong>con·</strong></span> 
     </span>
     <span class='ocr_line' id='line_1_8' title="bbox 144 1140 1349 1229; baseline -0.002 -19"><span class='ocrx_word' id='word_1_68' title='bbox 144 1144 319 1210; x_wconf 89' lang='lat' dir='ltr'><strong>tumaoiam</strong></span> <span class='ocrx_word' id='word_1_69' title='bbox 338 1166 517 1229; x_wconf 75' lang='lat' dir='ltr'><strong>numquam</strong></span> <span class='ocrx_word' id='word_1_70' title='bbox 537 1143 678 1223; x_wconf 87' lang='lat' dir='ltr'><strong>tulerim,</strong></span> <span class='ocrx_word' id='word_1_71' title='bbox 700 1142 819 1209; x_wconf 85' lang='lat' dir='ltr'><strong>ferrem</strong></span> <span class='ocrx_word' id='word_1_72' title='bbox 839 1143 938 1210; x_wconf 90' lang='lat' dir='ltr'><strong>huius</strong></span> <span class='ocrx_word' id='word_1_73' title='bbox 959 1144 1152 1211; x_wconf 77' lang='lat' dir='ltr'><strong>adseculae?</strong></span> <span class='ocrx_word' id='word_1_74' title='bbox 1195 1140 1276 1208; x_wconf 83' lang='lat' dir='ltr'><strong>Etsi</strong></span> <span class='ocrx_word' id='word_1_75' title='bbox 1293 1140 1349 1209; x_wconf 82' lang='lat' dir='ltr'><strong>hoe</strong></span> 
     </span>
     <span class='ocr_line' id='line_1_9' title="bbox 143 1244 1347 1334; baseline 0.001 -22"><span class='ocrx_word' id='word_1_76' title='bbox 143 1247 218 1332; x_wconf 92' lang='lat' dir='ltr'><strong>plus</strong></span> <span class='ocrx_word' id='word_1_77' title='bbox 240 1253 288 1314; x_wconf 90' lang='lat' dir='ltr'><strong>est</strong></span> <span class='ocrx_word' id='word_1_78' title='bbox 310 1270 408 1334; x_wconf 90' lang='lat' dir='ltr'><strong>quam</strong></span> <span class='ocrx_word' id='word_1_79' title='bbox 428 1247 524 1326; x_wconf 78' lang='lat' dir='ltr'><strong>farra,</strong></span> <span class='ocrx_word' id='word_1_80' title='bbox 545 1245 686 1313; x_wconf 87' lang='lat' dir='ltr'><strong>tribuere</strong></span> <span class='ocrx_word' id='word_1_81' title='bbox 712 1247 811 1312; x_wconf 89' lang='lat' dir='ltr'><strong>etiam</strong></span> <span class='ocrx_word' id='word_1_82' title='bbox 831 1246 980 1314; x_wconf 87' lang='lat' dir='ltr'><strong>beneficii</strong></span> <span class='ocrx_word' id='word_1_83' title='bbox 999 1247 1127 1334; x_wconf 90' lang='lat' dir='ltr'><strong>aliquid</strong></span> <span class='ocrx_word' id='word_1_84' title='bbox 1152 1250 1187 1314; x_wconf 91' lang='lat' dir='ltr'><strong>et</strong></span> <span class='ocrx_word' id='word_1_85' title='bbox 1209 1244 1347 1313; x_wconf 80' lang='lat' dir='ltr'><strong>henosis</strong></span> 
     </span>
     <span class='ocr_line' id='line_1_10' title="bbox 143 1349 1348 1438; baseline 0 -21"><span class='ocrx_word' id='word_1_86' title='bbox 143 1351 180 1417; x_wconf 91' lang='lat' dir='ltr'><strong>Is</strong></span> <span class='ocrx_word' id='word_1_87' title='bbox 201 1352 305 1438; x_wconf 79' lang='lat' dir='ltr'><strong>igitur</strong></span> <span class='ocrx_word' id='word_1_88' title='bbox 326 1350 459 1431; x_wconf 85' lang='lat' dir='ltr'><strong>Gavius,</strong></span> <span class='ocrx_word' id='word_1_89' title='bbox 483 1373 557 1416; x_wconf 91' lang='lat' dir='ltr'><strong>cum</strong></span> <span class='ocrx_word' id='word_1_90' title='bbox 579 1349 745 1435; x_wconf 77' lang='lat' dir='ltr'><strong>Apameae</strong></span> <span class='ocrx_word' id='word_1_91' title='bbox 766 1372 820 1416; x_wconf 88' lang='lat' dir='ltr'><strong>me</strong></span> <span class='ocrx_word' id='word_1_92' title='bbox 840 1373 945 1438; x_wconf 83' lang='lat' dir='ltr'><strong>nuper</strong></span> <span class='ocrx_word' id='word_1_93' title='bbox 966 1351 1099 1419; x_wconf 87' lang='lat' dir='ltr'><strong>vidisset</strong></span> <span class='ocrx_word' id='word_1_94' title='bbox 1113 1349 1263 1418; x_wconf 86' lang='lat' dir='ltr'><strong>Romam</strong></span> <span class='ocrx_word' id='word_1_95' title='bbox 1280 1372 1348 1437; x_wconf 81' lang='lat' dir='ltr'><strong>pro·</strong></span> 
     </span>
     <span class='ocr_line' id='line_1_11' title="bbox 143 1450 1349 1540; baseline -0.001 -18"><span class='ocrx_word' id='word_1_96' title='bbox 143 1456 295 1535; x_wconf 87' lang='lat' dir='ltr'><strong>ficiscens,</strong></span> <span class='ocrx_word' id='word_1_97' title='bbox 324 1477 376 1521; x_wconf 92' lang='lat' dir='ltr'><strong>me</strong></span> <span class='ocrx_word' id='word_1_98' title='bbox 405 1454 453 1520; x_wconf 87' lang='lat' dir='ltr'><strong>ita</strong></span> <span class='ocrx_word' id='word_1_99' title='bbox 482 1453 658 1540; x_wconf 86' lang='lat' dir='ltr'><strong>appellavit</strong></span> <span class='ocrx_word' id='word_1_100' title='bbox 680 1460 715 1519; x_wconf 78' lang='lat' dir='ltr'><strong>ur</strong></span> <span class='ocrx_word' id='word_1_101' title='bbox 736 1452 919 1521; x_wconf 76' lang='lat' dir='ltr'><strong>Culleolum</strong></span> <span class='ocrx_word' id='word_1_102' title='bbox 939 1454 996 1520; x_wconf 85' lang='lat' dir='ltr'><strong>vix</strong></span> <span class='ocrx_word' id='word_1_103' title='bbox 1021 1456 1176 1522; x_wconf 89' lang='lat' dir='ltr'><strong>auderem</strong></span> <span class='ocrx_word' id='word_1_104' title='bbox 1184 1450 1349 1535; x_wconf 69' lang='lat' dir='ltr'><strong>z-Umo,</strong></span> 
     </span>
     <span class='ocr_line' id='line_1_12' title="bbox 142 1556 1348 1645; baseline 0 -20"><span class='ocrx_word' id='word_1_105' title='bbox 142 1559 261 1645; x_wconf 91' lang='lat' dir='ltr'><strong>inquit,</strong></span> <span class='ocrx_word' id='word_1_106' title='bbox 277 1581 329 1625; x_wconf 90' lang='lat' dir='ltr'><strong>me</strong></span> <span class='ocrx_word' id='word_1_107' title='bbox 343 1556 434 1624; x_wconf 88' lang='lat' dir='ltr'><strong>iubes</strong></span> <span class='ocrx_word' id='word_1_108' title='bbox 454 1563 562 1644; x_wconf 87' lang='lat' dir='ltr'><strong>petere</strong></span> <span class='ocrx_word' id='word_1_109' title='bbox 576 1557 696 1625; x_wconf 89' lang='lat' dir='ltr'><strong>cibaria</strong></span> <span class='ocrx_word' id='word_1_110' title='bbox 713 1557 894 1644; x_wconf 77' lang='lat' dir='ltr'><strong>praefecti?</strong></span> <span class='ocrx_word' id='word_1_111' title='bbox 939 1556 1106 1643; x_wconf 83' lang='lat' dir='ltr'><strong>Respondi</strong></span> <span class='ocrx_word' id='word_1_112' title='bbox 1125 1558 1237 1625; x_wconf 86' lang='lat' dir='ltr'><strong>lenius</strong></span> <span class='ocrx_word' id='word_1_113' title='bbox 1256 1578 1348 1641; x_wconf 80' lang='lat' dir='ltr'><strong>quaro</strong></span> 
     </span>
     <span class='ocr_line' id='line_1_13' title="bbox 143 1658 1348 1750; baseline -0.002 -21"><span class='ocrx_word' id='word_1_114' title='bbox 143 1663 303 1750; x_wconf 90' lang='lat' dir='ltr'><strong>putabant</strong></span> <span class='ocrx_word' id='word_1_115' title='bbox 317 1663 493 1748; x_wconf 77' lang='lat' dir='ltr'><strong>oportuisse</strong></span> <span class='ocrx_word' id='word_1_116' title='bbox 507 1662 564 1747; x_wconf 90' lang='lat' dir='ltr'><strong>qui</strong></span> <span class='ocrx_word' id='word_1_117' title='bbox 575 1662 720 1741; x_wconf 88' lang='lat' dir='ltr'><strong>aderant,</strong></span> <span class='ocrx_word' id='word_1_118' title='bbox 731 1682 783 1727; x_wconf 90' lang='lat' dir='ltr'><strong>me</strong></span> <span class='ocrx_word' id='word_1_119' title='bbox 797 1683 865 1728; x_wconf 91' lang='lat' dir='ltr'><strong>non</strong></span> <span class='ocrx_word' id='word_1_120' title='bbox 878 1661 1055 1729; x_wconf 87' lang='lat' dir='ltr'><strong>instituisse</strong></span> <span class='ocrx_word' id='word_1_121' title='bbox 1069 1661 1111 1728; x_wconf 92' lang='lat' dir='ltr'><strong>iis</strong></span> <span class='ocrx_word' id='word_1_122' title='bbox 1125 1663 1208 1728; x_wconf 87' lang='lat' dir='ltr'><strong>dare</strong></span> <span class='ocrx_word' id='word_1_123' title='bbox 1221 1658 1348 1743; x_wconf 77' lang='lat' dir='ltr'><strong>cibaris,</strong></span> 
     </span>
     <span class='ocr_line' id='line_1_14' title="bbox 143 1763 1348 1853; baseline -0.002 -20"><span class='ocrx_word' id='word_1_124' title='bbox 143 1789 280 1853; x_wconf 87' lang='lat' dir='ltr'><strong>quorum</strong></span> <span class='ocrx_word' id='word_1_125' title='bbox 294 1788 391 1851; x_wconf 88' lang='lat' dir='ltr'><strong>opera</strong></span> <span class='ocrx_word' id='word_1_126' title='bbox 404 1786 472 1831; x_wconf 91' lang='lat' dir='ltr'><strong>non</strong></span> <span class='ocrx_word' id='word_1_127' title='bbox 486 1787 587 1831; x_wconf 90' lang='lat' dir='ltr'><strong>essem</strong></span> <span class='ocrx_word' id='word_1_128' title='bbox 602 1787 687 1830; x_wconf 72' lang='lat' dir='ltr'><strong>usim.</strong></span> <span class='ocrx_word' id='word_1_129' title='bbox 729 1763 825 1831; x_wconf 91' lang='lat' dir='ltr'><strong>Abiit</strong></span> <span class='ocrx_word' id='word_1_130' title='bbox 839 1765 951 1833; x_wconf 88' lang='lat' dir='ltr'><strong>iratus.</strong></span> <span class='ocrx_word' id='word_1_131' title='bbox 996 1770 1027 1833; x_wconf 85' lang='lat'><strong>7.</strong></span> <span class='ocrx_word' id='word_1_132' title='bbox 1050 1765 1166 1832; x_wconf 89' lang='lat' dir='ltr'><strong>Huius</strong></span> <span class='ocrx_word' id='word_1_133' title='bbox 1177 1764 1348 1831; x_wconf 79' lang='lat' dir='ltr'><strong>nebulonis</strong></span> 
     </span>
     <span class='ocr_line' id='line_1_15' title="bbox 142 1867 1347 1954; baseline -0.002 -17"><span class='ocrx_word' id='word_1_134' title='bbox 142 1871 286 1937; x_wconf 88' lang='lat' dir='ltr'><strong>oratione</strong></span> <span class='ocrx_word' id='word_1_135' title='bbox 301 1871 329 1936; x_wconf 92' lang='lat' dir='ltr'><strong>ei</strong></span> <span class='ocrx_word' id='word_1_136' title='bbox 343 1869 467 1935; x_wconf 90' lang='lat' dir='ltr'><strong>Brutus</strong></span> <span class='ocrx_word' id='word_1_137' title='bbox 481 1867 601 1935; x_wconf 88' lang='lat' dir='ltr'><strong>moveri</strong></span> <span class='ocrx_word' id='word_1_138' title='bbox 616 1871 731 1954; x_wconf 89' lang='lat' dir='ltr'><strong>potest,</strong></span> <span class='ocrx_word' id='word_1_139' title='bbox 745 1868 855 1936; x_wconf 85' lang='lat' dir='ltr'><strong>licebit</strong></span> <span class='ocrx_word' id='word_1_140' title='bbox 869 1891 943 1936; x_wconf 90' lang='lat' dir='ltr'><strong>eum</strong></span> <span class='ocrx_word' id='word_1_141' title='bbox 958 1869 1045 1936; x_wconf 89' lang='lat' dir='ltr'><strong>solus</strong></span> <span class='ocrx_word' id='word_1_142' title='bbox 1059 1892 1157 1949; x_wconf 90' lang='lat' dir='ltr'><strong>ames,</strong></span> <span class='ocrx_word' id='word_1_143' title='bbox 1171 1890 1229 1935; x_wconf 92' lang='lat' dir='ltr'><strong>me</strong></span> <span class='ocrx_word' id='word_1_144' title='bbox 1243 1890 1347 1935; x_wconf 82' lang='lat' dir='ltr'><strong>aemu-</strong></span> 
     </span>
     <span class='ocr_line' id='line_1_16' title="bbox 141 1971 1350 2059; baseline -0.001 -19"><span class='ocrx_word' id='word_1_145' title='bbox 141 1975 211 2040; x_wconf 93' lang='lat' dir='ltr'><strong>lum</strong></span> <span class='ocrx_word' id='word_1_146' title='bbox 234 1996 300 2041; x_wconf 91' lang='lat' dir='ltr'><strong>non</strong></span> <span class='ocrx_word' id='word_1_147' title='bbox 325 1972 467 2039; x_wconf 90' lang='lat' dir='ltr'><strong>habebis.</strong></span> <span class='ocrx_word' id='word_1_148' title='bbox 512 1971 577 2038; x_wconf 82' lang='lat' dir='ltr'><strong>Sed</strong></span> <span class='ocrx_word' id='word_1_149' title='bbox 602 1972 697 2037; x_wconf 93' lang='lat' dir='ltr'><strong>illum</strong></span> <span class='ocrx_word' id='word_1_150' title='bbox 722 1994 796 2038; x_wconf 89' lang='lat' dir='ltr'><strong>eum</strong></span> <span class='ocrx_word' id='word_1_151' title='bbox 822 1973 971 2039; x_wconf 83' lang='lat' dir='ltr'><strong>futurum</strong></span> <span class='ocrx_word' id='word_1_152' title='bbox 995 1995 1063 2040; x_wconf 88' lang='lat' dir='ltr'><strong>esse</strong></span> <span class='ocrx_word' id='word_1_153' title='bbox 1085 1977 1179 2059; x_wconf 91' lang='lat' dir='ltr'><strong>puto,</strong></span> <span class='ocrx_word' id='word_1_154' title='bbox 1202 1972 1262 2059; x_wconf 92' lang='lat' dir='ltr'><strong>qui</strong></span> <span class='ocrx_word' id='word_1_155' title='bbox 1284 1994 1350 2039; x_wconf 70' lang='lat' dir='ltr'><strong>ene</strong></span> 
     </span>
     <span class='ocr_line' id='line_1_17' title="bbox 142 2074 1349 2163; baseline 0 -20"><span class='ocrx_word' id='word_1_156' title='bbox 142 2077 246 2144; x_wconf 89' lang='lat' dir='ltr'><strong>debet.</strong></span> <span class='ocrx_word' id='word_1_157' title='bbox 292 2076 368 2142; x_wconf 83' lang='lat' dir='ltr'><strong>Tibi</strong></span> <span class='ocrx_word' id='word_1_158' title='bbox 388 2082 498 2143; x_wconf 88' lang='lat' dir='ltr'><strong>tamen</strong></span> <span class='ocrx_word' id='word_1_159' title='bbox 524 2098 652 2143; x_wconf 89' lang='lat' dir='ltr'><strong>causam</strong></span> <span class='ocrx_word' id='word_1_160' title='bbox 674 2079 786 2143; x_wconf 90' lang='lat' dir='ltr'><strong>notam</strong></span> <span class='ocrx_word' id='word_1_161' title='bbox 808 2099 875 2142; x_wconf 92' lang='lat' dir='ltr'><strong>esse</strong></span> <span class='ocrx_word' id='word_1_162' title='bbox 897 2076 996 2157; x_wconf 86' lang='lat' dir='ltr'><strong>volui,</strong></span> <span class='ocrx_word' id='word_1_163' title='bbox 1018 2080 1052 2143; x_wconf 86' lang='lat' dir='ltr'><strong>et</strong></span> <span class='ocrx_word' id='word_1_164' title='bbox 1074 2076 1119 2143; x_wconf 88' lang='lat' dir='ltr'><strong>ad</strong></span> <span class='ocrx_word' id='word_1_165' title='bbox 1139 2077 1251 2163; x_wconf 87' lang='lat' dir='ltr'><strong>ipsum</strong></span> <span class='ocrx_word' id='word_1_166' title='bbox 1271 2074 1349 2143; x_wconf 82' lang='lat' dir='ltr'><strong>haec</strong></span> 
     </span>
     <span class='ocr_line' id='line_1_18' title="bbox 140 2179 1347 2269; baseline -0.001 -22"><span class='ocrx_word' id='word_1_167' title='bbox 140 2180 309 2269; x_wconf 87' lang='lat' dir='ltr'><strong>perscripsi</strong></span> <span class='ocrx_word' id='word_1_168' title='bbox 324 2179 580 2266; x_wconf 86' lang='lat' dir='ltr'><strong>diligentissima.</strong></span> <span class='ocrx_word' id='word_1_169' title='bbox 626 2179 873 2246; x_wconf 83' lang='lat' dir='ltr'><strong>Omnino-soli</strong></span> <span class='ocrx_word' id='word_1_170' title='bbox 893 2181 981 2246; x_wconf 91' lang='lat' dir='ltr'><strong>enim</strong></span> <span class='ocrx_word' id='word_1_171' title='bbox 998 2179 1265 2246; x_wconf 84' lang='lat' dir='ltr'><strong>sumus-nullas</strong></span> <span class='ocrx_word' id='word_1_172' title='bbox 1278 2201 1347 2246; x_wconf 89' lang='lat' dir='ltr'><strong>um·</strong></span> 
     </span>
     <span class='ocr_line' id='line_1_19' title="bbox 141 2281 1348 2371; baseline -0.001 -21"><span class='ocrx_word' id='word_1_173' title='bbox 141 2307 239 2371; x_wconf 89' lang='lat' dir='ltr'><strong>quam</strong></span> <span class='ocrx_word' id='word_1_174' title='bbox 260 2285 304 2349; x_wconf 90' lang='lat' dir='ltr'><strong>ad</strong></span> <span class='ocrx_word' id='word_1_175' title='bbox 324 2305 376 2348; x_wconf 91' lang='lat' dir='ltr'><strong>me</strong></span> <span class='ocrx_word' id='word_1_176' title='bbox 397 2284 522 2349; x_wconf 86' lang='lat' dir='ltr'><strong>litterae</strong></span> <span class='ocrx_word' id='word_1_177' title='bbox 542 2282 632 2348; x_wconf 84' lang='lat' dir='ltr'><strong>misit</strong></span> <span class='ocrx_word' id='word_1_178' title='bbox 650 2281 783 2362; x_wconf 87' lang='lat' dir='ltr'><strong>Brutus,</strong></span> <span class='ocrx_word' id='word_1_179' title='bbox 798 2305 841 2349; x_wconf 92' lang='lat' dir='ltr'><strong>ne</strong></span> <span class='ocrx_word' id='word_1_180' title='bbox 854 2283 1001 2369; x_wconf 83' lang='lat' dir='ltr'><strong>proxime</strong></span> <span class='ocrx_word' id='word_1_181' title='bbox 1022 2284 1154 2370; x_wconf 91' lang='lat' dir='ltr'><strong>quidem</strong></span> <span class='ocrx_word' id='word_1_182' title='bbox 1168 2284 1212 2349; x_wconf 90' lang='lat' dir='ltr'><strong>de</strong></span> <span class='ocrx_word' id='word_1_183' title='bbox 1225 2282 1348 2371; x_wconf 85' lang='lat' dir='ltr'><strong>Appio,</strong></span> 
     </span>
     <span class='ocr_line' id='line_1_20' title="bbox 140 2385 1348 2474; baseline 0 -21"><span class='ocrx_word' id='word_1_184' title='bbox 140 2389 176 2453; x_wconf 91' lang='lat' dir='ltr'><strong>in</strong></span> <span class='ocrx_word' id='word_1_185' title='bbox 192 2387 309 2474; x_wconf 89' lang='lat' dir='ltr'><strong>quibus</strong></span> <span class='ocrx_word' id='word_1_186' title='bbox 323 2409 389 2452; x_wconf 92' lang='lat' dir='ltr'><strong>non</strong></span> <span class='ocrx_word' id='word_1_187' title='bbox 403 2387 522 2452; x_wconf 88' lang='lat' dir='ltr'><strong>inesset</strong></span> <span class='ocrx_word' id='word_1_188' title='bbox 539 2387 709 2473; x_wconf 74' lang='lat' dir='ltr'><strong>adrogans,</strong></span> <span class='ocrx_word' id='word_1_189' title='bbox 727 2387 952 2464; x_wconf 77' lang='grc' dir='ltr'>ἆκοινονόητον</span> <span class='ocrx_word' id='word_1_190' title='bbox 968 2386 1101 2473; x_wconf 88' lang='lat' dir='ltr'><strong>aliquid.</strong></span> <span class='ocrx_word' id='word_1_191' title='bbox 1146 2385 1225 2453; x_wconf 76' lang='lat' dir='ltr'><strong>&#39;libi</strong></span> <span class='ocrx_word' id='word_1_192' title='bbox 1238 2392 1348 2455; x_wconf 87' lang='lat' dir='ltr'><strong>autem</strong></span> 
     </span>
    </p>
   </div>
   <div class='ocr_carea' id='block_1_3' title="bbox 140 2491 1088 2643">
    <p class='ocr_par' dir='ltr' id='par_1_3' title="bbox 140 2491 1088 2643">
     <span class='ocr_line' id='line_1_21' title="bbox 140 2491 553 2558; baseline -0.005 -1"><span class='ocrx_word' id='word_1_193' title='bbox 140 2492 236 2558; x_wconf 84' lang='lat' dir='ltr'><strong>valde</strong></span> <span class='ocrx_word' id='word_1_194' title='bbox 250 2492 331 2558; x_wconf 87' lang='lat' dir='ltr'><strong>solet</strong></span> <span class='ocrx_word' id='word_1_195' title='bbox 345 2491 381 2555; x_wconf 92' lang='lat' dir='ltr'><strong>in</strong></span> <span class='ocrx_word' id='word_1_196' title='bbox 397 2511 451 2556; x_wconf 89' lang='lat' dir='ltr'><strong>ore</strong></span> <span class='ocrx_word' id='word_1_197' title='bbox 466 2512 553 2555; x_wconf 89' lang='lat' dir='ltr'><strong>esee:</strong></span> 
     </span>
     <span class='ocr_line' id='line_1_22' title="bbox 837 2578 1088 2643; baseline 0 0"><span class='ocrx_word' id='word_1_198' title='bbox 837 2578 974 2643; x_wconf 73' lang='lat' dir='ltr'><strong>Grattius</strong></span> <span class='ocrx_word' id='word_1_199' title='bbox 988 2584 1088 2643; x_wconf 82' lang='lat' dir='ltr'><strong>autem</strong></span> 
     </span>
    </p>
   </div>
   <div class='ocr_carea' id='block_1_4' title="bbox 381 2681 1127 2765">
    <p class='ocr_par' dir='ltr' id='par_1_4' title="bbox 381 2681 1127 2765">
     <span class='ocr_line' id='line_1_23' title="bbox 381 2681 1127 2765; baseline 0 -18"><span class='ocrx_word' id='word_1_200' title='bbox 381 2681 456 2747; x_wconf 81' lang='lat' dir='ltr'><strong>Non</strong></span> <span class='ocrx_word' id='word_1_201' title='bbox 471 2686 655 2745; x_wconf 80' lang='lat' dir='ltr'><strong>contemnere</strong></span> <span class='ocrx_word' id='word_1_202' title='bbox 669 2703 699 2745; x_wconf 88' lang='lat' dir='ltr'><strong>ae</strong></span> <span class='ocrx_word' id='word_1_203' title='bbox 713 2686 744 2746; x_wconf 82' lang='lat' dir='ltr'><strong>et</strong></span> <span class='ocrx_word' id='word_1_204' title='bbox 758 2703 841 2764; x_wconf 74' lang='lat' dir='ltr'><strong>repes</strong></span> <span class='ocrx_word' id='word_1_205' title='bbox 856 2686 950 2747; x_wconf 65' lang='lat' dir='ltr'><strong>eduae</strong></span> <span class='ocrx_word' id='word_1_206' title='bbox 964 2684 1127 2765; x_wconf 74' lang='lat' dir='ltr'><strong>superbos:</strong></span> 
     </span>
    </p>
   </div>
   <div class='ocr_carea' id='block_1_5' title="bbox 139 2827 1352 3328">
    <p class='ocr_par' dir='ltr' id='par_1_5' title="bbox 139 2827 1352 3328">
     <span class='ocr_line' id='line_1_24' title="bbox 139 2827 1348 2915; baseline 0.003 -21"><span class='ocrx_word' id='word_1_207' title='bbox 139 2829 174 2893; x_wconf 92' lang='lat' dir='ltr'><strong>in</strong></span> <span class='ocrx_word' id='word_1_208' title='bbox 189 2849 253 2914; x_wconf 92' lang='lat' dir='ltr'><strong>quo</strong></span> <span class='ocrx_word' id='word_1_209' title='bbox 268 2831 378 2894; x_wconf 91' lang='lat' dir='ltr'><strong>tamen</strong></span> <span class='ocrx_word' id='word_1_210' title='bbox 389 2827 445 2892; x_wconf 91' lang='lat' dir='ltr'><strong>ille</strong></span> <span class='ocrx_word' id='word_1_211' title='bbox 455 2827 537 2891; x_wconf 89' lang='lat' dir='ltr'><strong>mihi</strong></span> <span class='ocrx_word' id='word_1_212' title='bbox 551 2828 653 2893; x_wconf 88' lang='lat' dir='ltr'><strong>risum</strong></span> <span class='ocrx_word' id='word_1_213' title='bbox 667 2827 773 2915; x_wconf 82' lang='lat' dir='ltr'><strong>magis</strong></span> <span class='ocrx_word' id='word_1_214' title='bbox 784 2851 881 2914; x_wconf 93' lang='lat' dir='ltr'><strong>quam</strong></span> <span class='ocrx_word' id='word_1_215' title='bbox 896 2828 1097 2896; x_wconf 92' lang='lat' dir='ltr'><strong>stomachum</strong></span> <span class='ocrx_word' id='word_1_216' title='bbox 1111 2852 1242 2897; x_wconf 86' lang='lat' dir='ltr'><strong>movere</strong></span> <span class='ocrx_word' id='word_1_217' title='bbox 1256 2831 1348 2911; x_wconf 88' lang='lat' dir='ltr'><strong>solet,</strong></span> 
     </span>
     <span class='ocr_line' id='line_1_25' title="bbox 139 2931 1351 3018; baseline 0.004 -21"><span class='ocrx_word' id='word_1_218' title='bbox 139 2933 196 2998; x_wconf 89' lang='lat' dir='ltr'><strong>sed</strong></span> <span class='ocrx_word' id='word_1_219' title='bbox 214 2932 311 3017; x_wconf 90' lang='lat' dir='ltr'><strong>plane</strong></span> <span class='ocrx_word' id='word_1_220' title='bbox 330 2952 446 3016; x_wconf 89' lang='lat' dir='ltr'><strong>parum</strong></span> <span class='ocrx_word' id='word_1_221' title='bbox 466 2931 587 3016; x_wconf 80' lang='lat' dir='ltr'><strong>cogitat</strong></span> <span class='ocrx_word' id='word_1_222' title='bbox 601 2931 680 3015; x_wconf 90' lang='lat' dir='ltr'><strong>quid</strong></span> <span class='ocrx_word' id='word_1_223' title='bbox 701 2932 818 2998; x_wconf 86' lang='lat' dir='ltr'><strong>scribat</strong></span> <span class='ocrx_word' id='word_1_224' title='bbox 834 2934 948 2998; x_wconf 84' lang='lat' dir='ltr'><strong>autad</strong></span> <span class='ocrx_word' id='word_1_225' title='bbox 968 2954 1074 3018; x_wconf 91' lang='lat' dir='ltr'><strong>quem.</strong></span> <span class='ocrx_word' id='word_1_226' title='bbox 1121 2935 1151 2999; x_wconf 89' lang='lat'><strong>8.</strong></span> <span class='ocrx_word' id='word_1_227' title='bbox 1176 2933 1218 3006; x_wconf 80' lang='lat' dir='ltr'><strong>Q.</strong></span> <span class='ocrx_word' id='word_1_228' title='bbox 1235 2934 1351 3002; x_wconf 74' lang='lat' dir='ltr'><strong>cicero</strong></span> 
     </span>
     <span class='ocr_line' id='line_1_26' title="bbox 139 3034 1348 3125; baseline 0.004 -25"><span class='ocrx_word' id='word_1_229' title='bbox 139 3058 219 3121; x_wconf 90' lang='lat' dir='ltr'><strong>puer</strong></span> <span class='ocrx_word' id='word_1_230' title='bbox 243 3035 335 3119; x_wconf 86' lang='lat' dir='ltr'><strong>legit,</strong></span> <span class='ocrx_word' id='word_1_231' title='bbox 359 3038 398 3099; x_wconf 88' lang='lat' dir='ltr'><strong>ut</strong></span> <span class='ocrx_word' id='word_1_232' title='bbox 421 3034 544 3118; x_wconf 90' lang='lat' dir='ltr'><strong>opinor,</strong></span> <span class='ocrx_word' id='word_1_233' title='bbox 570 3038 603 3099; x_wconf 92' lang='lat' dir='ltr'><strong>et</strong></span> <span class='ocrx_word' id='word_1_234' title='bbox 629 3038 722 3114; x_wconf 89' lang='lat' dir='ltr'><strong>certe,</strong></span> <span class='ocrx_word' id='word_1_235' title='bbox 748 3036 918 3120; x_wconf 90' lang='lat' dir='ltr'><strong>epistolam</strong></span> <span class='ocrx_word' id='word_1_236' title='bbox 943 3037 1131 3122; x_wconf 80' lang='lat' dir='ltr'><strong>inscriptam</strong></span> <span class='ocrx_word' id='word_1_237' title='bbox 1159 3039 1249 3125; x_wconf 88' lang='lat' dir='ltr'><strong>patri</strong></span> <span class='ocrx_word' id='word_1_238' title='bbox 1279 3061 1348 3105; x_wconf 92' lang='lat' dir='ltr'><strong>suo.</strong></span> 
     </span>
     <span class='ocr_line' id='line_1_27' title="bbox 139 3137 1352 3230; baseline 0.003 -25"><span class='ocrx_word' id='word_1_239' title='bbox 139 3138 229 3205; x_wconf 82' lang='lat' dir='ltr'><strong>Solet</strong></span> <span class='ocrx_word' id='word_1_240' title='bbox 251 3138 337 3202; x_wconf 90' lang='lat' dir='ltr'><strong>enim</strong></span> <span class='ocrx_word' id='word_1_241' title='bbox 360 3138 492 3221; x_wconf 88' lang='lat' dir='ltr'><strong>aperire,</strong></span> <span class='ocrx_word' id='word_1_242' title='bbox 508 3137 606 3223; x_wconf 86' lang='lat' dir='ltr'><strong>idque</strong></span> <span class='ocrx_word' id='word_1_243' title='bbox 628 3139 668 3203; x_wconf 93' lang='lat' dir='ltr'><strong>de</strong></span> <span class='ocrx_word' id='word_1_244' title='bbox 690 3160 761 3204; x_wconf 91' lang='lat' dir='ltr'><strong>meo</strong></span> <span class='ocrx_word' id='word_1_245' title='bbox 784 3139 925 3218; x_wconf 91' lang='lat' dir='ltr'><strong>coneilio,</strong></span> <span class='ocrx_word' id='word_1_246' title='bbox 947 3140 974 3205; x_wconf 91' lang='lat' dir='ltr'><strong>ei</strong></span> <span class='ocrx_word' id='word_1_247' title='bbox 994 3141 1074 3226; x_wconf 91' lang='lat' dir='ltr'><strong>quid</strong></span> <span class='ocrx_word' id='word_1_248' title='bbox 1093 3141 1178 3208; x_wconf 79' lang='lat' dir='ltr'><strong>torte</strong></span> <span class='ocrx_word' id='word_1_249' title='bbox 1199 3143 1243 3209; x_wconf 88' lang='lat' dir='ltr'><strong>sit</strong></span> <span class='ocrx_word' id='word_1_250' title='bbox 1262 3144 1352 3230; x_wconf 89' lang='lat' dir='ltr'><strong>quod</strong></span> 
     </span>
     <span class='ocr_line' id='line_1_28' title="bbox 139 3239 1351 3328; baseline 0.009 -25"><span class='ocrx_word' id='word_1_251' title='bbox 139 3264 219 3328; x_wconf 79' lang='lat' dir='ltr'><strong>opus</strong></span> <span class='ocrx_word' id='word_1_252' title='bbox 242 3242 284 3306; x_wconf 90' lang='lat' dir='ltr'><strong>sit</strong></span> <span class='ocrx_word' id='word_1_253' title='bbox 305 3240 388 3306; x_wconf 88' lang='lat' dir='ltr'><strong>sciri.</strong></span> <span class='ocrx_word' id='word_1_254' title='bbox 433 3239 476 3304; x_wconf 92' lang='lat' dir='ltr'><strong>Iu</strong></span> <span class='ocrx_word' id='word_1_255' title='bbox 501 3263 539 3305; x_wconf 92' lang='lat' dir='ltr'><strong>ea</strong></span> <span class='ocrx_word' id='word_1_256' title='bbox 565 3246 673 3307; x_wconf 87' lang='lat' dir='ltr'><strong>autem</strong></span> <span class='ocrx_word' id='word_1_257' title='bbox 698 3242 833 3328; x_wconf 89' lang='lat' dir='ltr'><strong>epistola</strong></span> <span class='ocrx_word' id='word_1_258' title='bbox 858 3248 928 3310; x_wconf 86' lang='lat' dir='ltr'><strong>erat</strong></span> <span class='ocrx_word' id='word_1_259' title='bbox 949 3245 1031 3309; x_wconf 85' lang='lat' dir='ltr'><strong>illud</strong></span> <span class='ocrx_word' id='word_1_260' title='bbox 1053 3245 1140 3311; x_wconf 91' lang='lat' dir='ltr'><strong>idem</strong></span> <span class='ocrx_word' id='word_1_261' title='bbox 1163 3246 1205 3312; x_wconf 89' lang='lat' dir='ltr'><strong>de</strong></span> <span class='ocrx_word' id='word_1_262' title='bbox 1229 3269 1351 3327; x_wconf 88' lang='lat' dir='ltr'><strong>sorore,</strong></span> 
     </span>
    </p>
   </div>
   <div class='ocr_carea' id='block_1_6' title="bbox 138 3341 1352 3433">
    <p class='ocr_par' dir='ltr' id='par_1_6' title="bbox 138 3341 1352 3433">
     <span class='ocr_line' id='line_1_29' title="bbox 138 3341 1352 3433; baseline 0.007 -23"><span class='ocrx_word' id='word_1_263' title='bbox 138 3345 226 3431; x_wconf 87' lang='lat' dir='ltr'><strong>quod</strong></span> <span class='ocrx_word' id='word_1_264' title='bbox 251 3344 292 3409; x_wconf 92' lang='lat' dir='ltr'><strong>ad</strong></span> <span class='ocrx_word' id='word_1_265' title='bbox 315 3365 378 3409; x_wconf 88' lang='lat' dir='ltr'><strong>me.</strong></span> <span class='ocrx_word' id='word_1_266' title='bbox 435 3341 573 3408; x_wconf 86' lang='lat' dir='ltr'><strong>Mirifice</strong></span> <span class='ocrx_word' id='word_1_267' title='bbox 598 3344 826 3413; x_wconf 86' lang='lat' dir='ltr'><strong>conturbatum</strong></span> <span class='ocrx_word' id='word_1_268' title='bbox 852 3347 927 3413; x_wconf 85' lang='lat' dir='ltr'><strong>vide</strong></span> <span class='ocrx_word' id='word_1_269' title='bbox 951 3369 1099 3433; x_wconf 87' lang='lat' dir='ltr'><strong>puerum.</strong></span> <span class='ocrx_word' id='word_1_270' title='bbox 1154 3348 1352 3418; x_wconf 69' lang='lat' dir='ltr'><strong>herimarus</strong></span> 
     </span>
    </p>
   </div>
   <div class='ocr_carea' id='block_1_7' title="bbox 131 3511 1351 4487">
    <p class='ocr_par' dir='ltr' id='par_1_7' title="bbox 136 3511 1351 3775">
     <span class='ocr_line' id='line_1_30' title="bbox 171 3511 1347 3584; baseline 0.004 -19"><span class='ocrx_word' id='word_1_271' title='bbox 171 3519 196 3565; x_wconf 87' lang='grc'><strong>6.</strong></span> <span class='ocrx_word' id='word_1_272' title='bbox 214 3516 280 3563; x_wconf 78' lang='lat' dir='ltr'><strong>oanis</strong></span> <span class='ocrx_word' id='word_1_273' title='bbox 328 3515 359 3561; x_wconf 87' lang='lat' dir='ltr'><strong>‘a</strong></span> <span class='ocrx_word' id='word_1_274' title='bbox 369 3526 436 3562; x_wconf 86' lang='lat' dir='ltr'><strong>merc</strong></span> <span class='ocrx_word' id='word_1_275' title='bbox 447 3511 541 3575; x_wconf 84' lang='lat' dir='ltr'><strong>spaniel</strong></span> <span class='ocrx_word' id='word_1_276' title='bbox 552 3512 709 3575; x_wconf 75' lang='lat' dir='ltr'><strong>orelodius,’</strong></span> <span class='ocrx_word' id='word_1_277' title='bbox 796 3516 981 3583; x_wconf 72' lang='grc' dir='ltr'>ἄκοινονόητον]</span> <span class='ocrx_word' id='word_1_278' title='bbox 1006 3516 1096 3568; x_wconf 79' lang='lat' dir='ltr'><strong>Seeon</strong></span> <span class='ocrx_word' id='word_1_279' title='bbox 1106 3520 1161 3569; x_wconf 77' lang='lat' dir='ltr'><strong>stt.</strong></span> <span class='ocrx_word' id='word_1_280' title='bbox 1173 3518 1209 3568; x_wconf 77' lang='lat' dir='ltr'><strong>vi.</strong></span> <span class='ocrx_word' id='word_1_281' title='bbox 1224 3522 1249 3581; x_wconf 89' lang='lat' dir='ltr'><strong>l,</strong></span> <span class='ocrx_word' id='word_1_282' title='bbox 1261 3519 1286 3581; x_wconf 86' lang='grc'><strong>7,</strong></span> <span class='ocrx_word' id='word_1_283' title='bbox 1299 3519 1347 3584; x_wconf 75' lang='lat' dir='ltr'><strong>Bp.</strong></span> 
     </span>
     <span class='ocr_line' id='line_1_31' title="bbox 137 3576 829 3631; baseline 0.003 -2"><span class='ocrx_word' id='word_1_284' title='bbox 137 3595 185 3630; x_wconf 90' lang='lat' dir='ltr'><strong>one</strong></span> <span class='ocrx_word' id='word_1_285' title='bbox 196 3579 253 3629; x_wconf 79' lang='lat' dir='ltr'><strong>who</strong></span> <span class='ocrx_word' id='word_1_286' title='bbox 264 3579 289 3628; x_wconf 86' lang='lat' dir='ltr'><strong>so</strong></span> <span class='ocrx_word' id='word_1_287' title='bbox 309 3593 360 3628; x_wconf 86' lang='lat' dir='ltr'><strong>owe</strong></span> <span class='ocrx_word' id='word_1_288' title='bbox 372 3576 473 3627; x_wconf 81' lang='lat' dir='ltr'><strong>Clodius</strong></span> <span class='ocrx_word' id='word_1_289' title='bbox 484 3593 511 3626; x_wconf 91' lang='lat' dir='ltr'><strong>as</strong></span> <span class='ocrx_word' id='word_1_290' title='bbox 521 3577 544 3626; x_wconf 76' lang='lat' dir='ltr'><strong>ir</strong></span> <span class='ocrx_word' id='word_1_291' title='bbox 554 3577 586 3628; x_wconf 91' lang='lat' dir='ltr'><strong>he</strong></span> <span class='ocrx_word' id='word_1_292' title='bbox 597 3594 662 3628; x_wconf 84' lang='lat' dir='ltr'><strong>were</strong></span> <span class='ocrx_word' id='word_1_293' title='bbox 674 3579 714 3629; x_wconf 90' lang='lat' dir='ltr'><strong>his</strong></span> <span class='ocrx_word' id='word_1_294' title='bbox 763 3581 829 3631; x_wconf 87' lang='lat' dir='ltr'><strong>cclii.</strong></span> 
     </span>
     <span class='ocr_line' id='line_1_32' title="bbox 137 3641 1346 3713; baseline 0.004 -18"><span class='ocrx_word' id='word_1_295' title='bbox 137 3647 201 3709; x_wconf 79' lang='lat' dir='ltr'><strong>dog;</strong></span> <span class='ocrx_word' id='word_1_296' title='bbox 219 3645 297 3693; x_wconf 81' lang='lat' dir='ltr'><strong>hence</strong></span> <span class='ocrx_word' id='word_1_297' title='bbox 308 3644 428 3691; x_wconf 68' lang='lat' dir='ltr'><strong>sacratu</strong></span> <span class='ocrx_word' id='word_1_298' title='bbox 439 3641 528 3691; x_wconf 80' lang='lat' dir='ltr'><strong>below.</strong></span> <span class='ocrx_word' id='word_1_299' title='bbox 547 3642 632 3693; x_wconf 85' lang='lat' dir='ltr'><strong>Cicero</strong></span> <span class='ocrx_word' id='word_1_300' title='bbox 643 3644 713 3694; x_wconf 77' lang='lat' dir='ltr'><strong>often</strong></span> <span class='ocrx_word' id='word_1_301' title='bbox 799 3648 906 3695; x_wconf 77' lang='lat' dir='ltr'><strong>Granius</strong></span> <span class='ocrx_word' id='word_1_302' title='bbox 917 3646 1008 3713; x_wconf 73' lang='lat' dir='ltr'><strong>auum]</strong></span> <span class='ocrx_word' id='word_1_303' title='bbox 1041 3647 1123 3698; x_wconf 88' lang='lat' dir='ltr'><strong>These</strong></span> <span class='ocrx_word' id='word_1_304' title='bbox 1132 3663 1216 3699; x_wconf 82' lang='lat' dir='ltr'><strong>verses</strong></span> <span class='ocrx_word' id='word_1_305' title='bbox 1228 3648 1259 3699; x_wconf 77' lang='lat' dir='ltr'><strong>oi</strong></span> <span class='ocrx_word' id='word_1_306' title='bbox 1268 3648 1346 3701; x_wconf 82' lang='lat' dir='ltr'><strong>Luci·</strong></span> 
     </span>
     <span class='ocr_line' id='line_1_33' title="bbox 136 3706 1351 3775; baseline 0.007 -17"><span class='ocrx_word' id='word_1_307' title='bbox 136 3710 224 3774; x_wconf 84' lang='lat' dir='ltr'><strong>speaks</strong></span> <span class='ocrx_word' id='word_1_308' title='bbox 235 3710 264 3758; x_wconf 82' lang='lat' dir='ltr'><strong>ol</strong></span> <span class='ocrx_word' id='word_1_309' title='bbox 271 3709 314 3758; x_wconf 89' lang='lat' dir='ltr'><strong>tha</strong></span> <span class='ocrx_word' id='word_1_310' title='bbox 324 3722 392 3755; x_wconf 77' lang='lat' dir='ltr'><strong>canae</strong></span> <span class='ocrx_word' id='word_1_311' title='bbox 402 3706 431 3756; x_wconf 84' lang='lat' dir='ltr'><strong>ol</strong></span> <span class='ocrx_word' id='word_1_312' title='bbox 440 3707 536 3756; x_wconf 84' lang='lat' dir='ltr'><strong>Verres.</strong></span> <span class='ocrx_word' id='word_1_313' title='bbox 763 3709 813 3759; x_wconf 89' lang='lat' dir='ltr'><strong>lius</strong></span> <span class='ocrx_word' id='word_1_314' title='bbox 824 3710 850 3760; x_wconf 88' lang='lat' dir='ltr'><strong>in</strong></span> <span class='ocrx_word' id='word_1_315' title='bbox 863 3710 942 3775; x_wconf 81' lang='lat' dir='ltr'><strong>prsise</strong></span> <span class='ocrx_word' id='word_1_316' title='bbox 953 3711 981 3761; x_wconf 81' lang='lat' dir='ltr'><strong>oi</strong></span> <span class='ocrx_word' id='word_1_317' title='bbox 996 3712 1040 3761; x_wconf 88' lang='lat' dir='ltr'><strong>the</strong></span> <span class='ocrx_word' id='word_1_318' title='bbox 1051 3713 1140 3763; x_wconf 87' lang='lat' dir='ltr'><strong>honest</strong></span> <span class='ocrx_word' id='word_1_319' title='bbox 1150 3730 1250 3775; x_wconf 75' lang='lat' dir='ltr'><strong>praeco,</strong></span> <span class='ocrx_word' id='word_1_320' title='bbox 1263 3715 1351 3766; x_wconf 75' lang='lat' dir='ltr'><strong>whose</strong></span> 
     </span>
    </p>

    <p class='ocr_par' dir='ltr' id='par_1_8' title="bbox 138 3770 1349 3907">
     <span class='ocr_line' id='line_1_34' title="bbox 168 3770 1349 3842; baseline 0.007 -19"><span class='ocrx_word' id='word_1_321' title='bbox 168 3773 287 3836; x_wconf 78' lang='lat' dir='ltr'><strong>numquid</strong></span> <span class='ocrx_word' id='word_1_322' title='bbox 296 3770 388 3836; x_wconf 60' lang='lat' dir='ltr'><strong>ulam]</strong></span> <span class='ocrx_word' id='word_1_323' title='bbox 423 3771 470 3821; x_wconf 85' lang='lat' dir='ltr'><strong>See</strong></span> <span class='ocrx_word' id='word_1_324' title='bbox 480 3774 534 3821; x_wconf 85' lang='lat' dir='ltr'><strong>Att.</strong></span> <span class='ocrx_word' id='word_1_325' title='bbox 547 3787 573 3821; x_wconf 87' lang='lat' dir='ltr'><strong>v.</strong></span> <span class='ocrx_word' id='word_1_326' title='bbox 587 3775 611 3833; x_wconf 80' lang='lat'><strong>2,</strong></span> <span class='ocrx_word' id='word_1_327' title='bbox 625 3774 649 3835; x_wconf 83' lang='lat'><strong>2,</strong></span> <span class='ocrx_word' id='word_1_328' title='bbox 662 3772 711 3837; x_wconf 82' lang='lat' dir='ltr'><strong>Ep.</strong></span> <span class='ocrx_word' id='word_1_329' title='bbox 763 3775 897 3825; x_wconf 80' lang='lat' dir='ltr'><strong>catechism</strong></span> <span class='ocrx_word' id='word_1_330' title='bbox 909 3792 961 3825; x_wconf 89' lang='lat' dir='ltr'><strong>was</strong></span> <span class='ocrx_word' id='word_1_331' title='bbox 977 3783 1004 3826; x_wconf 89' lang='lat' dir='ltr'><strong>to</strong></span> <span class='ocrx_word' id='word_1_332' title='bbox 1021 3777 1085 3828; x_wconf 85' lang='lat' dir='ltr'><strong>have</strong></span> <span class='ocrx_word' id='word_1_333' title='bbox 1100 3794 1115 3828; x_wconf 91' lang='lat' dir='ltr'><strong>a</strong></span> <span class='ocrx_word' id='word_1_334' title='bbox 1129 3779 1194 3842; x_wconf 77' lang='lat' dir='ltr'><strong>good</strong></span> <span class='ocrx_word' id='word_1_335' title='bbox 1209 3780 1309 3830; x_wconf 87' lang='lat' dir='ltr'><strong>conceit</strong></span> <span class='ocrx_word' id='word_1_336' title='bbox 1319 3780 1349 3831; x_wconf 83' lang='lat' dir='ltr'><strong>of</strong></span> 
     </span>
     <span class='ocr_line' id='line_1_35' title="bbox 138 3840 1343 3907; baseline 0.004 -17"><span class='ocrx_word' id='word_1_337' title='bbox 138 3840 256 3890; x_wconf 80' lang='lat' dir='ltr'><strong>cclxxxv.</strong></span> <span class='ocrx_word' id='word_1_338' title='bbox 763 3840 865 3889; x_wconf 82' lang='lat' dir='ltr'><strong>himself</strong></span> <span class='ocrx_word' id='word_1_339' title='bbox 879 3841 929 3890; x_wconf 89' lang='lat' dir='ltr'><strong>and</strong></span> <span class='ocrx_word' id='word_1_340' title='bbox 940 3841 1037 3892; x_wconf 74' lang='lat' dir='ltr'><strong>oechew</strong></span> <span class='ocrx_word' id='word_1_341' title='bbox 1052 3842 1087 3891; x_wconf 85' lang='lat' dir='ltr'><strong>all</strong></span> <span class='ocrx_word' id='word_1_342' title='bbox 1101 3844 1182 3905; x_wconf 86' lang='lat' dir='ltr'><strong>pmud</strong></span> <span class='ocrx_word' id='word_1_343' title='bbox 1192 3855 1343 3907; x_wconf 66' lang='lat' dir='ltr'><strong>oppressore,</strong></span> 
     </span>
    </p>

    <p class='ocr_par' dir='ltr' id='par_1_9' title="bbox 134 3899 1348 4281">
     <span class='ocr_line' id='line_1_36' title="bbox 169 3899 1348 3971; baseline 0.006 -19"><span class='ocrx_word' id='word_1_344' title='bbox 169 3907 206 3954; x_wconf 77' lang='lat' dir='ltr'><strong>ita</strong></span> <span class='ocrx_word' id='word_1_345' title='bbox 216 3903 255 3969; x_wconf 80' lang='lat' dir='ltr'><strong>ut]</strong></span> <span class='ocrx_word' id='word_1_346' title='bbox 281 3900 423 3951; x_wconf 89' lang='lat' dir='ltr'><strong>‘addressed</strong></span> <span class='ocrx_word' id='word_1_347' title='bbox 430 3899 712 3951; x_wconf 88' lang='lat' dir='ltr'><strong>meinatonclshould</strong></span> <span class='ocrx_word' id='word_1_348' title='bbox 763 3907 785 3954; x_wconf 84' lang='lat' dir='ltr'><strong>is</strong></span> <span class='ocrx_word' id='word_1_349' title='bbox 796 3906 865 3954; x_wconf 87' lang='lat' dir='ltr'><strong>osten</strong></span> <span class='ocrx_word' id='word_1_350' title='bbox 877 3907 969 3970; x_wconf 83' lang='lat' dir='ltr'><strong>quoted</strong></span> <span class='ocrx_word' id='word_1_351' title='bbox 980 3906 1015 3971; x_wconf 91' lang='lat' dir='ltr'><strong>by</strong></span> <span class='ocrx_word' id='word_1_352' title='bbox 1027 3906 1121 3967; x_wconf 85' lang='lat' dir='ltr'><strong>Cicero,</strong></span> <span class='ocrx_word' id='word_1_353' title='bbox 1135 3908 1193 3957; x_wconf 81' lang='lat' dir='ltr'><strong>who</strong></span> <span class='ocrx_word' id='word_1_354' title='bbox 1203 3911 1348 3960; x_wconf 80' lang='lat' dir='ltr'><strong>sometimes</strong></span> 
     </span>
     <span class='ocr_line' id='line_1_37' title="bbox 136 3964 1346 4046; baseline 0.004 -28"><span class='ocrx_word' id='word_1_355' title='bbox 136 3969 225 4033; x_wconf 78' lang='lat' dir='ltr'><strong>hardly</strong></span> <span class='ocrx_word' id='word_1_356' title='bbox 236 3968 301 4043; x_wconf 79' lang='lat' dir='ltr'><strong>bave</strong></span> <span class='ocrx_word' id='word_1_357' title='bbox 311 3966 371 4043; x_wconf 79' lang='lat' dir='ltr'><strong>used</strong></span> <span class='ocrx_word' id='word_1_358' title='bbox 381 3973 408 4015; x_wconf 89' lang='lat' dir='ltr'><strong>to</strong></span> <span class='ocrx_word' id='word_1_359' title='bbox 420 3964 564 4040; x_wconf 79' lang='lat' dir='ltr'><strong>Gulleolns&#39;</strong></span> <span class='ocrx_word' id='word_1_360' title='bbox 763 3985 818 4019; x_wconf 90' lang='lat' dir='ltr'><strong>uses</strong></span> <span class='ocrx_word' id='word_1_361' title='bbox 840 3970 960 4046; x_wconf 62' lang='lat' dir='ltr'><strong>onlpthe</strong></span> <span class='ocrx_word' id='word_1_362' title='bbox 982 3976 1032 4020; x_wconf 77' lang='lat' dir='ltr'><strong>two</strong></span> <span class='ocrx_word' id='word_1_363' title='bbox 1054 3973 1109 4021; x_wconf 85' lang='lat' dir='ltr'><strong>first</strong></span> <span class='ocrx_word' id='word_1_364' title='bbox 1125 3973 1214 4031; x_wconf 79' lang='lat' dir='ltr'><strong>words,</strong></span> <span class='ocrx_word' id='word_1_365' title='bbox 1237 3974 1346 4023; x_wconf 67' lang='lat' dir='ltr'><strong>&amp;anias</strong></span> 
     </span>
     <span class='ocr_line' id='line_1_38' title="bbox 135 4029 1344 4167; baseline 0.006 -20"><span class='ocrx_word' id='word_1_366' title='bbox 135 4029 488 4147; x_wconf 45' lang='lat' dir='ltr'><strong>happpmmppppuppowffi</strong></span> <span class='ocrx_word' id='word_1_367' title='bbox 499 4035 625 4145; x_wconf 55' lang='lat' dir='ltr'><strong>ltlaltllsossi1</strong></span> <span class='ocrx_word' id='word_1_368' title='bbox 625 4035 712 4145; x_wconf 46' lang='lat' dir='ltr'><strong>libitia</strong></span> <span class='ocrx_word' id='word_1_369' title='bbox 762 4041 858 4148; x_wconf 52' lang='lat' dir='ltr'><strong>aum</strong></span> <span class='ocrx_word' id='word_1_370' title='bbox 864 4036 1012 4167; x_wconf 43' lang='lat' dir='ltr'><strong>teatrlli‘lmsli.</strong></span> <span class='ocrx_word' id='word_1_371' title='bbox 1020 4036 1293 4162; x_wconf 50' lang='lat' dir='ltr'><strong>lshgiitld‘liiidprhldaeegdl</strong></span> <span class='ocrx_word' id='word_1_372' title='bbox 1304 4121 1344 4154; x_wconf 85' lang='lat' dir='ltr'><strong>am</strong></span> 
     </span>
     <span class='ocr_line' id='line_1_39' title="bbox 134 4158 1343 4229; baseline 0.006 -17"><span class='ocrx_word' id='word_1_373' title='bbox 134 4162 240 4212; x_wconf 79' lang='lat' dir='ltr'><strong>services</strong></span> <span class='ocrx_word' id='word_1_374' title='bbox 255 4162 268 4210; x_wconf 97' lang='lat' dir='ltr'>I</span> <span class='ocrx_word' id='word_1_375' title='bbox 284 4161 327 4210; x_wconf 90' lang='lat' dir='ltr'><strong>did</strong></span> <span class='ocrx_word' id='word_1_376' title='bbox 340 4168 385 4209; x_wconf 89' lang='lat' dir='ltr'><strong>not</strong></span> <span class='ocrx_word' id='word_1_377' title='bbox 400 4158 517 4224; x_wconf 67' lang='lat' dir='ltr'><strong>require!</strong></span> <span class='ocrx_word' id='word_1_378' title='bbox 552 4159 625 4209; x_wconf 85' lang='lat' dir='ltr'><strong>With</strong></span> <span class='ocrx_word' id='word_1_379' title='bbox 641 4160 712 4210; x_wconf 84' lang='lat' dir='ltr'><strong>these</strong></span> <span class='ocrx_word' id='word_1_380' title='bbox 761 4179 818 4213; x_wconf 83' lang='lat' dir='ltr'><strong>sure</strong></span> <span class='ocrx_word' id='word_1_381' title='bbox 834 4163 861 4213; x_wconf 82' lang='lat' dir='ltr'><strong>of</strong></span> <span class='ocrx_word' id='word_1_382' title='bbox 878 4165 919 4213; x_wconf 65' lang='lat' dir='ltr'><strong>it!</strong></span> <span class='ocrx_word' id='word_1_383' title='bbox 953 4164 1008 4215; x_wconf 89' lang='lat' dir='ltr'><strong>The</strong></span> <span class='ocrx_word' id='word_1_384' title='bbox 1024 4165 1142 4229; x_wconf 86' lang='lat' dir='ltr'><strong>ellipseis</strong></span> <span class='ocrx_word' id='word_1_385' title='bbox 1153 4174 1198 4218; x_wconf 88' lang='lat' dir='ltr'><strong>not</strong></span> <span class='ocrx_word' id='word_1_386' title='bbox 1209 4171 1267 4229; x_wconf 76' lang='lat' dir='ltr'><strong>ecio,</strong></span> <span class='ocrx_word' id='word_1_387' title='bbox 1281 4169 1343 4219; x_wconf 72' lang='lat' dir='ltr'><strong>vich</strong></span> 
     </span>
     <span class='ocr_line' id='line_1_40' title="bbox 135 4223 1093 4281; baseline 0.001 -3"><span class='ocrx_word' id='word_1_388' title='bbox 135 4229 215 4278; x_wconf 78' lang='lat' dir='ltr'><strong>words</strong></span> <span class='ocrx_word' id='word_1_389' title='bbox 225 4225 257 4275; x_wconf 90' lang='lat' dir='ltr'><strong>he</strong></span> <span class='ocrx_word' id='word_1_390' title='bbox 268 4223 396 4275; x_wconf 86' lang='lat' dir='ltr'><strong>dismissed</strong></span> <span class='ocrx_word' id='word_1_391' title='bbox 408 4223 511 4274; x_wconf 81' lang='lat' dir='ltr'><strong>Gavius.</strong></span> <span class='ocrx_word' id='word_1_392' title='bbox 761 4228 846 4277; x_wconf 83' lang='lat' dir='ltr'><strong>which</strong></span> <span class='ocrx_word' id='word_1_393' title='bbox 857 4227 944 4279; x_wconf 83' lang='lat' dir='ltr'><strong>Cicero</strong></span> <span class='ocrx_word' id='word_1_394' title='bbox 954 4245 1012 4278; x_wconf 89' lang='lat' dir='ltr'><strong>uscs</strong></span> <span class='ocrx_word' id='word_1_395' title='bbox 1023 4239 1093 4281; x_wconf 79' lang='lat' dir='ltr'><strong>certo.</strong></span> 
     </span>
    </p>

    <p class='ocr_par' dir='ltr' id='par_1_10' title="bbox 131 4287 1344 4487">
     <span class='ocr_line' id='line_1_41' title="bbox 166 4287 1343 4370; baseline 0.008 -31"><span class='ocrx_word' id='word_1_396' title='bbox 166 4294 190 4345; x_wconf 86' lang='lat'><strong>7.</strong></span> <span class='ocrx_word' id='word_1_397' title='bbox 208 4292 254 4339; x_wconf 73' lang='lat' dir='ltr'><strong>soli</strong></span> <span class='ocrx_word' id='word_1_398' title='bbox 275 4293 337 4339; x_wconf 78' lang='lat' dir='ltr'><strong>enim</strong></span> <span class='ocrx_word' id='word_1_399' title='bbox 359 4289 450 4352; x_wconf 76' lang='lat' dir='ltr'><strong>eumue]</strong></span> <span class='ocrx_word' id='word_1_400' title='bbox 495 4287 623 4339; x_wconf 80' lang='lat' dir='ltr'><strong>‘between</strong></span> <span class='ocrx_word' id='word_1_401' title='bbox 650 4305 708 4338; x_wconf 88' lang='lat' dir='ltr'><strong>our·</strong></span> <span class='ocrx_word' id='word_1_402' title='bbox 794 4295 856 4355; x_wconf 80' lang='lat' dir='ltr'><strong>qaod</strong></span> <span class='ocrx_word' id='word_1_403' title='bbox 872 4296 904 4342; x_wconf 85' lang='lat' dir='ltr'><strong>ad</strong></span> <span class='ocrx_word' id='word_1_404' title='bbox 919 4293 970 4370; x_wconf 75' lang='lat' dir='ltr'><strong>rna]</strong></span> <span class='ocrx_word' id='word_1_405' title='bbox 1002 4295 1052 4344; x_wconf 85' lang='lat' dir='ltr'><strong>For</strong></span> <span class='ocrx_word' id='word_1_406' title='bbox 1068 4295 1112 4346; x_wconf 89' lang='lat' dir='ltr'><strong>the</strong></span> <span class='ocrx_word' id='word_1_407' title='bbox 1127 4303 1218 4348; x_wconf 85' lang='lat' dir='ltr'><strong>matter</strong></span> <span class='ocrx_word' id='word_1_408' title='bbox 1233 4298 1343 4349; x_wconf 76' lang='lat' dir='ltr'><strong>referred</strong></span> 
     </span>
     <span class='ocr_line' id='line_1_42' title="bbox 132 4353 1344 4425; baseline 0.007 -19"><span class='ocrx_word' id='word_1_409' title='bbox 132 4356 229 4410; x_wconf 75' lang='lat' dir='ltr'><strong>selvea.’</strong></span> <span class='ocrx_word' id='word_1_410' title='bbox 247 4357 315 4406; x_wconf 74' lang='grc' dir='ltr'><strong>αὐτοὶ</strong></span> <span class='ocrx_word' id='word_1_411' title='bbox 332 4355 366 4417; x_wconf 72' lang='lat' dir='ltr'><strong>pd</strong></span> <span class='ocrx_word' id='word_1_412' title='bbox 398 4353 482 4415; x_wconf 66' lang='grc' dir='ltr'><strong><em>ἐσμέν,</em></strong></span> <span class='ocrx_word' id='word_1_413' title='bbox 500 4353 627 4417; x_wconf 78' lang='lat' dir='ltr'><strong>aristoph.</strong></span> <span class='ocrx_word' id='word_1_414' title='bbox 645 4354 708 4404; x_wconf 72' lang='lat' dir='ltr'><strong>Aah.</strong></span> <span class='ocrx_word' id='word_1_415' title='bbox 760 4361 787 4407; x_wconf 86' lang='lat' dir='ltr'><strong>to</strong></span> <span class='ocrx_word' id='word_1_416' title='bbox 809 4372 851 4407; x_wconf 88' lang='lat' dir='ltr'><strong>see</strong></span> <span class='ocrx_word' id='word_1_417' title='bbox 868 4359 923 4408; x_wconf 77' lang='lat' dir='ltr'><strong>att.</strong></span> <span class='ocrx_word' id='word_1_418' title='bbox 944 4375 980 4408; x_wconf 76' lang='lat' dir='ltr'><strong>vr.</strong></span> <span class='ocrx_word' id='word_1_419' title='bbox 1002 4362 1025 4421; x_wconf 81' lang='lat'><strong>2,</strong></span> <span class='ocrx_word' id='word_1_420' title='bbox 1045 4364 1077 4420; x_wconf 78' lang='lat' dir='ltr'><strong>·l,</strong></span> <span class='ocrx_word' id='word_1_421' title='bbox 1107 4360 1156 4425; x_wconf 85' lang='lat' dir='ltr'><strong>Ep.</strong></span> <span class='ocrx_word' id='word_1_422' title='bbox 1180 4362 1255 4414; x_wconf 80' lang='lat' dir='ltr'><strong>cclvi.</strong></span> <span class='ocrx_word' id='word_1_423' title='bbox 1288 4363 1344 4414; x_wconf 79' lang='lat' dir='ltr'><strong>Tha</strong></span> 
     </span>
     <span class='ocr_line' id='line_1_43' title="bbox 131 4373 1016 4487; baseline 0.001 -15"><span class='ocrx_word' id='word_1_424' title='bbox 131 4424 195 4474; x_wconf 70' lang='lat'>604:</span> <span class='ocrx_word' id='word_1_425' title='bbox 213 4436 252 4484; x_wconf 90' lang='lat' dir='ltr'><strong>ep.</strong></span> <span class='ocrx_word' id='word_1_426' title='bbox 265 4419 322 4470; x_wconf 80' lang='lat' dir='ltr'><strong>Ter.</strong></span> <span class='ocrx_word' id='word_1_427' title='bbox 334 4373 382 4468; x_wconf 65' lang='lat' dir='ltr'><strong>Ad</strong></span> <span class='ocrx_word' id='word_1_428' title='bbox 394 4417 459 4479; x_wconf 81' lang='lat' dir='ltr'><strong>iiil,</strong></span> <span class='ocrx_word' id='word_1_429' title='bbox 472 4422 497 4468; x_wconf 76' lang='lat'><strong>4.</strong></span> <span class='ocrx_word' id='word_1_430' title='bbox 760 4422 845 4487; x_wconf 85' lang='lat' dir='ltr'><strong>ellipse</strong></span> <span class='ocrx_word' id='word_1_431' title='bbox 855 4421 877 4472; x_wconf 89' lang='lat' dir='ltr'><strong>is</strong></span> <span class='ocrx_word' id='word_1_432' title='bbox 888 4425 1016 4486; x_wconf 63' lang='lat' dir='ltr'><strong>serpsisti.</strong></span> 
     </span>
    </p>
   </div>
   <div class='ocr_carea' id='block_1_8' title="bbox 0 0 1482 4866">
    <p class='ocr_par' dir='ltr' id='par_1_11' title="bbox 0 0 1482 4866">
     <span class='ocr_line' id='line_1_44' title="bbox 0 0 1482 4866; baseline 0 3"><span class='ocrx_word' id='word_1_433' title='bbox 0 0 1482 4866; x_wconf 95' lang='lat' dir='ltr'><strong> </strong></span> 
     </span>
    </p>
   </div>
  </div>
 </body>
</html>
