2976 5356
529 339 668 406 ccnn.
694 339 810 423 (nnn.
842 340 902 407 vr.
925 340 969 426 1).
1287 342 1347 409 177
1417 324 1422 335 ’

136 514 189 579 uit.
234 511 417 599 Dionysius
429 512 512 578 mihi
525 512 658 599 quidem
677 512 714 577 in
733 512 896 579 amoribus
911 517 968 579 est.
1014 512 1114 580 Pueri
1127 519 1236 580 autem
1254 516 1348 582 aiunt

138 640 213 685 cnm
241 616 390 683 furenter
417 616 521 682 irasci
565 614 630 682 sed
659 614 755 682 homo
784 638 844 681 nec
875 617 1000 682 doctior
1024 640 1084 682 neo
1112 618 1252 683 sanctior
1278 618 1350 684 fieri

139 724 246 807 potest
260 742 320 786 nec
332 719 384 785 tui
398 720 525 806 meique
539 719 709 785 amantior.
756 720 807 786 13.
831 718 1020 799 Thermum,
1036 719 1153 786 Silium
1168 744 1242 787 vere
1256 722 1350 787 audis

142 822 287 891 laudari:
310 824 405 890 valde
424 823 556 889 honeste
579 845 610 887 ae
634 827 763 909 gerunt.
808 822 906 889 Adde
929 822 977 889 M.
1001 823 1158 904 Nonium,
1178 824 1348 903 Bibulum,

94 970 97 1013 i
145 948 201 1009 me,
223 928 255 993 si
275 926 372 993 voles.
416 924 492 992 Iam
515 924 629 992 Scrofa
650 926 767 992 vellem
789 925 923 993 haberet
944 926 1003 993 ubi
1024 932 1140 1012 posset.
1186 927 1248 993 Est
1263 928 1351 995 enim

147 1030 268 1099 lautum
296 1029 475 1117 negotium.
531 1028 639 1095 (letari
666 1029 835 1097 infirmant
870 1031 1042 1111 πολίτευμα
1074 1029 1214 1097 Catonis.
1261 1031 1350 1096 Hor·

150 1133 341 1219 tensioquod
351 1155 480 1199 causam
492 1154 600 1198 meam
614 1134 829 1212 commendas,
845 1134 940 1199 valde
955 1138 1095 1220 gratum.
1112 1136 1118 1147 '
1141 1133 1193 1199 De
1206 1134 1351 1200 Amiano

152 1238 209 1325 spei
236 1236 323 1303 nihil
350 1240 447 1322 putat
481 1258 549 1301 esse
582 1234 772 1321 Dionysius.
832 1236 979 1302 Terentii
1012 1237 1142 1302 nullum
1176 1239 1351 1323 vestigium

152 1342 270 1427 agnovi.
315 1339 527 1426 Moeragenes
541 1344 625 1405 certe
639 1339 744 1424 periit.
790 1338 868 1405 Feci
883 1340 944 1406 iter
952 1363 1010 1425 per
1027 1341 1095 1406 eius
1109 1341 1350 1426 possessionem,

153 1442 257 1531 inqua
270 1443 394 1509 animal
407 1442 569 1528 reliquum
587 1442 718 1508 nullum
740 1447 799 1509 est.
844 1442 939 1509 Haeo
960 1466 1027 1509 non
1048 1466 1161 1510 noram
1177 1449 1258 1526 tum,
1275 1467 1349 1511 oum

153 1544 331 1615 Democrito
355 1549 503 1612 tuocum
527 1545 653 1611 locutus
683 1567 765 1611 sum.
811 1544 952 1612 Rhesion
981 1569 1058 1613 vasa
1080 1548 1243 1613 mandavi.
1288 1548 1353 1615 Sed

151 1646 221 1719 hans
245 1656 296 1732 tu,
320 1650 401 1736 quid
429 1649 578 1735 cogitas?
610 1650 647 1715 in
677 1648 816 1715 felicatis
844 1648 991 1715 lancibus
1021 1656 1054 1716 et
1084 1650 1352 1735 splendidissimis

150 1755 291 1821 anistris
313 1752 488 1819 holusculis
512 1774 571 1818 nos
600 1752 682 1818 soles
707 1774 846 1838 pascere,
872 1753 952 1838 quid
973 1757 1007 1819 ta
1029 1754 1064 1818 in
1091 1754 1175 1819 vasis
1202 1754 1355 1821 fictilibus

149 1860 369 1947 appositurum
388 1857 525 1942 putem?
549 1860 651 1940 Κέρας
675 1855 812 1922 Phemio
842 1858 1034 1923 mandatum
1064 1862 1132 1922 est:
1163 1858 1352 1943 reperietur,

148 1964 240 2031 nodo
254 1961 381 2048 aliquid
394 1960 452 2026 illo
466 1961 605 2047 dignum
619 1963 723 2025 canat.
764 1961 817 2025 14.
836 1960 1028 2026 Parthicum
1038 1959 1162 2026 bellum
1176 1960 1352 2053 impendet.

148 2064 275 2133 emin
289 2064 417 2150 ineptas
435 2062 561 2129 litteras
582 2062 692 2127 misit:
716 2064 855 2129 necdum
870 2062 985 2129 Bibuli
1000 2068 1092 2128 erant
1107 2063 1257 2129 adlatae:
1281 2066 1353 2150 qui·

146 2168 204 2237 bns
216 2167 362 2237 recitatis
376 2171 456 2253 puto
471 2167 539 2233 fore
553 2171 591 2233 ut
606 2166 781 2252 aliquando
806 2169 1044 2232 commoveatur
1063 2171 1203 2232 senatus.
1249 2166 1353 2254 Equi·

145 2274 220 2341 dem
249 2293 323 2338 snm
352 2271 388 2335 in
423 2292 544 2356 magna
582 2269 684 2335 animi
714 2270 964 2356 perturbatione.
1024 2268 1071 2348 Si,
1103 2274 1141 2334 ut
1171 2274 1258 2356 opto,
1287 2293 1354 2337 non

143 2379 340 2463 prorogatur
367 2378 514 2440 nostrum
538 2373 719 2460 negotium,
750 2372 853 2439 habeo
877 2372 1013 2438 Iunium
1039 2378 1072 2438 et
1096 2373 1296 2444 Quinctilem
1317 2374 1353 2439 in

142 2484 247 2547 matu.
291 2477 383 2556 Esto,
403 2477 485 2542 duos
502 2477 632 2561 quidem
657 2499 782 2543 memes
804 2476 977 2543 sustinebit
999 2475 1147 2542 Bibulus.
1194 2476 1283 2547 Quid
1297 2477 1355 2543 illo

140 2584 212 2665 fiet,
227 2603 325 2669 quem
340 2581 507 2667 reliquero,
523 2580 712 2665 praesertim
728 2581 756 2646 si
771 2580 931 2647 fratrem?
954 2580 1033 2667 quid
1047 2602 1099 2645 me
1113 2586 1231 2658 autem,
1248 2581 1275 2645 si
1287 2603 1353 2646 non

141 2692 215 2754 tam
229 2685 294 2751 cito
309 2683 452 2750 decedo?
496 2681 622 2770 Magna
643 2682 741 2749 turba
762 2688 819 2750 est.
865 2684 952 2749 Mihi
973 2689 1083 2750 tamen
1105 2705 1178 2749 cum
1201 2682 1354 2749 Deiotaro

139 2788 297 2857 convenit
320 2791 359 2853 nt
384 2787 441 2853 ille
464 2786 499 2851 in
524 2786 605 2852 meis
629 2788 740 2852 castris
765 2792 847 2853 esset
872 2810 946 2853 cum
972 2788 1037 2853 suis
1060 2788 1160 2873 copiis
1190 2787 1350 2854 omnibus.

141 2890 261 2960 Habet
289 2895 399 2956 antem
428 2888 573 2955 cohortes
609 2890 896 2975 quadringenarias
933 2896 1043 2958 nostra
1072 2895 1236 2955 armatura
1272 2916 1351 2972 xxx,

141 2994 294 3083 equitum
308 3014 358 3060 cro
378 3014 439 3058 oro.
484 2991 560 3057 Erit
581 2993 625 3058 ad
647 2996 893 3060 sustentandum
912 2996 1019 3081 quoad
1036 2994 1211 3081 Pompeius
1232 2996 1352 3076 veniat,

141 3098 205 3185 qui
219 3097 346 3177 litteris,
361 3118 442 3183 quas
456 3096 498 3161 ad
512 3117 564 3160 me
579 3095 692 3176 mittit,
710 3097 873 3182 significat
887 3122 981 3164 suum
996 3097 1165 3186 negotium
1180 3097 1263 3163 illud
1270 3102 1350 3166 fore.

142 3200 311 3269 Hiamant
337 3200 374 3266 in
398 3204 509 3265 nostra
536 3200 702 3282 provincia
728 3200 852 3266 Parthi.
882 3200 1099 3288 Exspectatur
1125 3201 1193 3286 ipse
1218 3201 1350 3268 Orodes.

178 3372 222 3421 18.
241 3367 382 3434 nmium]
423 3368 504 3419 These
522 3384 564 3418 are
583 3369 720 3433 provincial
811 3371 928 3436 Rhoetea]
979 3370 1090 3421 Rhesion
1123 3386 1198 3431 ware,
1227 3372 1298 3421 mado
1326 3380 1353 3423 at

211 3434 435 3485 mon-Thermus
454 3436 482 3483 of
503 3434 571 3493 Asia,
597 3434 673 3483 Silius
691 3435 719 3484 of
779 3435 887 3496 Rhesus,
912 3452 927 3485 a
948 3442 1017 3486 town
1038 3436 1067 3485 of
1093 3434 1174 3501 Syria.
1209 3435 1354 3487 Athenaeus

208 3500 278 3565 gaia,
296 3498 394 3548 Nonius
413 3499 440 3548 oi
459 3499 530 3548 Creta
547 3499 596 3547 and
613 3499 718 3563 cyrone.
778 3500 825 3563 (vi.
845 3504 892 3549 229
908 3502 941 3614 i)
959 3516 1016 3565 says
1032 3501 1083 3550 thia
1099 3516 1164 3549 vare
1181 3516 1232 3549 was
1248 3502 1346 3551 εὐανθέ-

144 3564 233 3617 cicero
243 3580 301 3629 says
311 3562 719 3628 thareportthattheyhavewon
778 3584 880 3616 στατον.
937 3566 969 3615 ho
987 3566 1054 3615 word
1071 3564 1349 3629 uscdbythcltomans

143 3630 237 3695 goldcn
247 3628 362 3693 opinions
371 3628 400 3677 in
409 3627 475 3677 their
484 3628 612 3692 provinces
623 3628 716 3679 istrua.
777 3630 818 3680 ior
828 3646 844 3678 a
854 3630 942 3679 dinner
953 3630 1047 3680 sarviae
1057 3630 1079 3679 is
1090 3632 1218 3693 synthesis.

146 3694 235 3745 ‘Ionl
263 3692 326 3743 vvish
337 3692 424 3742 Scrofa
434 3692 720 3756 hadagovammcntin
803 3695 926 3761 selicacia]
962 3696 1145 3757 ‘iarn-pettam
1153 3694 1253 3743 dishcs!
1277 3694 1346 3744 Atti·

144 3758 231 3809 vhidr
260 3756 363 3807 coould
378 3772 438 3807 earn
456 3757 537 3806 men’s
552 3758 642 3821 praise.
677 3758 720 3808 Hc
777 3775 821 3808 cus
842 3759 864 3807 is
885 3760 956 3809 often
977 3760 1065 3809 ralliod
1087 3761 1120 3823 by
1140 3760 1226 3809 Cicero
1253 3773 1286 3807 on
1307 3760 1347 3809 his

144 3822 361 3875 inflnciallosv.
396 3822 450 3871 The
463 3829 513 3873 rcst
523 3824 554 3871 do
565 3822 631 3871 little
642 3823 720 3873 credit
775 3824 935 3890 parsimony:
954 3825 1032 3875 secl*
1045 3840 1070 3887 p.
1084 3828 1125 3873 lo.

144 3886 416 3951 noctemnoctem!
811 3893 850 3937 14.
868 3889 1005 3952 continebit]
1041 3888 1164 3937 ‘Bibulus
1182 3887 1234 3935 will
1248 3888 1279 3937 bc
1293 3888 1349 3939 ablc

177 3968 276 4001 nusum
297 3950 386 4017 mecm]
421 3950 475 4001 The
493 3950 640 4013 prevention
659 3952 688 4001 of
704 3968 721 4001 a
775 3953 873 4002 tohold
891 3954 934 4003 the
953 3953 1085 4004 Parthians
1105 3954 1133 4000 in
1150 3952 1227 4001 check
1241 3952 1282 4001 for
1298 3959 1350 4003 two
1430 3982 1433 3989 ·

145 4016 264 4067 rancvcd
279 4022 368 4066 tauma
393 4015 422 4065 of
447 4015 583 4080 provincial
611 4031 717 4080 govern-
776 4018 895 4067 months!

146 4086 226 4133 mont.
809 4086 895 4144 quadr·
911 4081 1036 4147 petrarias]
1077 4080 1229 4144 ‘comisting
1251 4081 1279 4131 of
1300 4085 1348 4132 400

888 4099 912 4130 m

181 4144 304 4211 Terentia]
337 4144 384 4195 See
402 4144 505 4195 onAtt.
524 4162 549 4194 v.
570 4146 609 4205 15,
629 4147 653 4206 3,
671 4145 720 4209 Ep.
776 4162 834 4196 man
844 4146 924 4196 cach.’

145 4210 220 4261 ccvii.
809 4214 857 4259 erit
876 4211 921 4277 od]
956 4212 1002 4262 Sec
1019 4227 1052 4261 on
1073 4212 1128 4260 Art.
1152 4209 1191 4259 iii.
1212 4214 1235 4272 7,
1256 4214 1279 4273 2,
1298 4211 1347 4275 Ep.

174 4274 358 4341 mastonem]
394 4273 540 4339 ‘holding’;
557 4280 675 4339 property
693 4274 721 4323 in
777 4275 844 4324 lxiii.

145 4340 207 4391 land
216 4340 246 4390 in
255 4342 301 4390 tha
310 4338 439 4405 provinces
444 4340 530 4391 vested
537 4339 565 4388 in
572 4339 616 4390 the
624 4338 721 4390 Roman
810 4348 892 4389 emera
898 4338 1039 4406 procincta]
1052 4362 1071 4383 =
1082 4342 1199 4403 Bomcora,
1216 4356 1243 4391 aa
1254 4341 1282 4390 in
1292 4343 1349 4391 Ast.

144 4404 243 4471 panplc.
777 4421 803 4456 v.
817 4408 857 4463 21,
872 4405 1013 4470 1,Ep.ocl.

211 4501 273 4537 vol..
285 4500 327 4537 m.
1196 4486 1221 4536 N
