2976 5356
494 364 639 432 oxon.
666 364 792 451 (sau.
824 366 929 436 vrrs.
952 368 1000 450 1).
1307 367 1349 434 21

137 537 207 622 ipso
222 559 243 603 a
257 542 291 604 te
306 539 493 619 diseederet,
509 538 675 626 integrum
695 539 839 606 militum
856 563 1030 606 numerum
1049 541 1159 608 fuisse.
1204 541 1248 608 Id
1263 543 1291 608 ei
1305 543 1353 608 ita

137 646 197 720 est,
212 646 403 729 pergratum
421 641 504 708 mihi
526 642 648 718 feceris,
664 643 692 708 si
708 643 787 709 istas
807 644 943 731 exiguas
963 646 1079 731 copias,
1096 668 1176 732 qaas
1196 646 1351 724 habuisti,

137 767 238 829 quam
251 745 387 812 minime
400 746 621 812 imminueris:
645 748 765 832 quade
784 770 820 813 re
843 753 973 815 senatus
994 750 1149 829 consulta,
1166 750 1351 835 quaefacta

138 852 225 927 eunt,
241 851 284 914 ad
297 852 331 915 te
345 850 444 914 missa
463 871 530 916 esse
552 849 701 917 arbitror.
747 849 912 937 Equidem
928 875 986 938 pro
1007 855 1186 938 coquenti
1206 859 1240 920 te
1255 854 1350 934 facio,

137 953 301 1052 quidquid
323 954 436 1020 feceris
458 947 653 1041 approbabo,
679 956 737 1021 sed
762 960 796 1021 te
819 978 947 1042 quoque
969 958 1095 1022 confido
1114 980 1153 1023 ea
1176 957 1349 1038 iacturum,

137 1077 222 1140 quae
236 1057 319 1122 mihi
333 1057 503 1143 intelleges
516 1058 657 1124 maxime
671 1080 740 1124 esse
760 1061 1010 1153 accommodata.
1056 1061 1131 1149 Ego
1147 1062 1183 1128 C.
1200 1061 1348 1147 Pompti-

139 1181 221 1225 num
229 1160 377 1247 legatum
387 1182 497 1226 meum
507 1160 677 1227 Brundisii
692 1162 929 1247 exspectabam,
940 1185 1078 1250 eumque
1094 1171 1169 1232 ante
1181 1164 1350 1232 Kalendae

138 1262 255 1329 Iunias
277 1264 490 1330 Brundisium
504 1271 680 1332 venturum
700 1265 890 1332 arbitrabar.
937 1267 1098 1338 Quicum
1111 1269 1255 1356 venerit,
1268 1291 1351 1355 quae

139 1368 283 1453 primunr
297 1367 478 1455 navigandi
492 1368 587 1443 nobis
601 1369 741 1443 facultas
755 1370 834 1449 data
848 1370 919 1450 erit,
935 1378 1074 1438 utemur.

188 1798 332 1866 CXCII.
378 1799 511 1867 FROM
534 1798 738 1866 CAELIUS
761 1798 820 1866 ΤΟ
844 1800 1014 1867 CICERO
1040 1802 1142 1886 (Fau.
1164 1824 1236 1868 vrrr.
1266 1807 1299 1888 r).

140 2018 309 2064 namus
325 2020 373 2064 IX.
385 2020 465 2065 ΚΑΙ..
481 2020 553 2065 ΔΝῙ)
569 2019 649 2063 ΚΑΙ..
667 2019 759 2076 IUN.;
776 2021 808 2063 A.
821 2021 853 2064 U.
868 2021 894 2064 C.
909 2019 976 2077 7033
995 2021 1025 2063 B.
1037 2021 1063 2064 C.
1078 2020 1129 2079 513
1147 2020 1221 2065 AET.
1232 2020 1292 2065 ClC.
1307 2021 1348 2068 65.

188 2202 228 2252 Μ.
237 2202 336 2253 Caelius
346 2202 425 2253 mittit
435 2204 466 2253 ad
478 2203 516 2252 M.
529 2202 672 2252 Ciceronem
684 2201 786 2253 Ciliciae
796 2218 890 2266 procos.
899 2203 1100 2253 commentarium
1111 2219 1191 2253 rerum
1201 2205 1350 2254 urbanarum

138 2290 203 2335 etse
219 2290 329 2344 excreat,
342 2285 408 2348 quod
423 2301 480 2334 eum
496 2300 546 2334 uon
563 2285 615 2348 ipse
632 2284 774 2334 coniecerit.
809 2283 885 2333 addit
898 2285 928 2333 de
944 2284 1051 2334 comitiis
1067 2285 1303 2348 Transpadanorum,
1321 2287 1352 2336 de

138 2365 295 2416 successione
311 2365 457 2427 Galliarum,
471 2366 501 2415 de
518 2366 564 2415 Cn.
578 2365 703 2429 Pompeio,
716 2366 747 2414 de
764 2365 793 2416 C.
807 2364 909 2414 Caesare
925 2371 950 2414 et
967 2365 1085 2426 Domitio,
1101 2367 1131 2415 de
1147 2365 1184 2414 Μ.
1199 2366 1316 2416 Cicerone
1326 2373 1352 2416 et

139 2445 172 2503 Q.
184 2446 312 2510 Pompeio,
325 2447 356 2496 de
367 2447 468 2507 Planco,
482 2447 512 2496 de
523 2446 648 2496 Ciceronis
659 2446 728 2496 libris
739 2445 855 2510 politicis.
891 2445 988 2509 Scripta
998 2447 1058 2496 haec
1069 2446 1172 2510 epistola
1182 2453 1219 2497 est
1231 2447 1333 2497 Romae.

538 2687 697 2742 CAELIUS
714 2687 888 2743 CICERONI
908 2688 935 2742 S.

207 2833 239 2897 1.
263 2828 362 2902 Quod
385 2830 448 2898 tibi
466 2832 634 2898 decedenti
654 2831 818 2918 pollicitus
838 2854 920 2912 sum,
935 2855 988 2897 me
1008 2854 1120 2898 omnes
1144 2855 1194 2898 res
1212 2831 1352 2898 urbanas

140 2933 389 3020 diligentissime
404 2934 467 3001 tibi
485 2935 749 3022 perscripturum,
767 2936 845 3001 data
866 2958 963 3022 opera
984 2937 1096 3022 paravi
1111 2936 1167 3023 qui
1182 2936 1227 3001 sio
1241 2937 1351 3002 omnia

138 3043 395 3124 persequeretur,
419 3043 458 3105 ut
483 3062 594 3105 verear
617 3062 659 3105 ne
682 3037 744 3105 tibi
772 3039 912 3105 nimium
942 3046 1060 3127 arguta
1088 3040 1168 3105 haee
1196 3040 1350 3105 sedulitas

139 3143 299 3208 videatur.
344 3140 489 3209 Tametsi
510 3148 549 3208 tu
573 3143 638 3209 scio
665 3164 764 3228 quam
785 3143 829 3208 sis
855 3143 997 3209 curiosus
1019 3147 1052 3209 et
1078 3165 1175 3229 quam
1200 3141 1349 3208 omnibus

139 3243 425 3332 peregrinantibus
439 3250 572 3333 gratum
592 3247 635 3313 sit
656 3246 867 3312 minimarum
882 3269 1009 3332 quoque
1027 3269 1145 3326 rerum,
1161 3268 1242 3332 quae
1262 3246 1351 3312 domi

355 3452 360 3462 .
471 3453 475 3463 .
542 3450 564 3478 ⁶.
618 3449 624 3460 .
831 3449 838 3472 ,
876 3453 883 3478 ,
959 3449 965 3460 .

139 3448 725 3581 ..aemularemur
767 3449 877 3564 ur...
891 3448 1351 3589 lassaremur

141 3581 249 3641 imperto,
263 3578 321 3629 Liv.
337 3579 356 3628 i.
370 3581 410 3640 bl,
424 3584 454 3640 2;
469 3595 517 3642 pro
533 3587 575 3629 tua
592 3582 724 3642 prudentia
768 3578 872 3629 iearhrs
882 3579 965 3629 afforte
975 3578 1003 3628 in
1013 3579 1064 3628 thre
1077 3579 1197 3627 drreetron
1215 3592 1273 3641 may
1284 3592 1351 3627 seem

140 3646 310 3704 maderaba,
325 3643 397 3693 Fam.
409 3644 445 3694 iv.
460 3648 499 3706 10,
513 3648 544 3703 23
558 3661 606 3706 pro
616 3661 642 3694 eo
654 3645 722 3708 quod,
768 3651 795 3693 te
805 3659 856 3707 you
866 3643 983 3693 ratherlo
1020 3642 1149 3692 -winded’
1185 3641 1239 3691 The
1249 3656 1348 3705 expres·

142 3707 181 3759 De
192 3707 261 3758 Orat.
274 3708 303 3758 ii.
317 3711 364 3761 75:
378 3724 417 3773 cp.
430 3709 512 3774 Baby,
527 3710 538 3775 l
551 3713 625 3762 2074.
769 3708 823 3757 sion
833 3708 855 3758 is
866 3709 977 3758 careless.
1026 3707 1081 3771 ully
1092 3707 1220 3770 expressed
1230 3706 1252 3756 it
1262 3705 1351 3755 should

172 3772 356 3839 mndata]
391 3773 522 3838 ‘helpiuL’
769 3773 815 3822 be:
836 3773 922 3848 ‘Igot
932 3789 948 3822 a
957 3788 1016 3822 man
1031 3778 1057 3821 to
1068 3771 1177 3821 describe
1192 3769 1348 3835 everyrhing,

770 3837 944 3887 andhadrdso
954 3837 1052 3887 insuch
1060 3842 1129 3901 great
1136 3835 1212 3886 detail
1219 3835 1282 3896 that,
1292 3835 1347 3885 &est

175 3904 198 3952 1.
215 3903 346 3969 mari]
376 3901 490 3967 ‘leaving
499 3903 582 3952 town'
594 3918 600 3952 :
613 3919 653 3966 cp.
664 3902 719 3952 viii.
772 3902 822 3952 For
831 3905 889 3952 data
899 3918 976 3964 opero,
990 3901 1085 3952 Becher
1100 3916 1224 3964 compares
1235 3899 1294 3964 Dig.
1308 3903 1348 3961 29,

142 3968 210 4026 10,6,
222 3967 378 4044 Epecxxvi.
395 3967 436 4017 Ex
480 3967 600 4018 tinthese
608 3983 722 4031 passages
771 3969 795 4027 5,
812 3970 833 4029 1,
848 3968 887 4028 37,
900 3968 1023 4016 dmum
1039 3973 1074 4014 est
1081 3969 1153 4027 parci
1164 3969 1197 4013 eis
1211 3965 1290 4013 dolere
1301 3967 1350 4014 nbi

139 4030 168 4080 oi
184 4031 283 4082 Caelius
299 4048 338 4082 we
353 4033 385 4082 do
400 3983 534 4082 neieinow
549 4032 577 4082 oi
592 4048 643 4097 any
653 4033 722 4096 place
771 4035 793 4080 si
804 4035 852 4094 ipsi
862 4033 908 4080 sibi
921 4035 1020 4080 vulnera
1031 4033 1078 4079 ista
1089 4031 1199 4092 semeae
1213 4031 1272 4078 data
1282 4045 1353 4092 opera

139 4094 224 4147 where
239 4099 346 4146 madae
361 4097 383 4147 is
398 4098 459 4147 used
474 4097 612 4162 absolutely
628 4099 655 4146 in
671 4097 722 4146 this
771 4113 800 4145 m
808 4099 969 4158 punirentur:
985 4096 1036 4146 also
1046 4100 1071 4157 4,
1084 4098 1107 4156 7,
1120 4099 1130 4144 l
1144 4111 1197 4158 pr.:
1216 4098 1239 4155 9,
1251 4097 1274 4155 2,
1286 4098 1310 4155 9,
1320 4099 1349 4152 4;

137 4174 219 4211 mse.
248 4160 315 4223 Itis,
327 4161 460 4221 massere,
471 4161 600 4212 uncertain
610 4161 722 4212 whether
772 4161 1060 4225 Plin.Epp.vii.12.6.
1096 4161 1145 4210 For
1159 4159 1350 4222 aryutuainlhe

139 4240 180 4275 ve
189 4225 279 4277 should
289 4226 400 4277 consider
409 4227 461 4276 this
470 4243 485 4279 a
494 4226 684 4291 peculiarusage
694 4225 722 4276 oi
770 4226 874 4276 senseof
881 4231 955 4291 ‘very
962 4225 1085 4286 detailed,’
1094 4225 1183 4275 almost
1191 4223 1350 4288 ‘gamrloua’

140 4288 390 4342 Caeliusoralterto
404 4294 541 4341 discedenti,
771 4306 811 4341 see
828 4292 881 4341 Art.
893 4291 929 4340 vi.
942 4293 966 4352 6,
982 4296 1004 4352 l,
1016 4291 1065 4354 Ep.
1078 4290 1178 4350 cclxix„
1191 4292 1261 4338 celim
1271 4289 1350 4338 obvias

172 4358 233 4405 dau
242 4355 326 4422 opera]
359 4359 383 4405 Δ
399 4356 534 4407 somewhat
545 4354 642 4406 archaia
656 4354 723 4405 form
772 4357 833 4405 mili
845 4358 939 4405 litterae
949 4372 1019 4418 quam
1030 4358 1195 4420 argutissimas
1205 4357 1234 4402 ds
1244 4353 1350 4404 mallus

138 4418 374 4473 oithamereususl
381 4422 460 4471 mira
467 4437 537 4484 opera
544 4443 565 4464 =
576 4420 721 4472 intention·
772 4422 841 4470 rebus
851 4421 929 4470 miro
939 4424 1031 4470 mittas.
