2976 5356
450 352 720 421 ocrxrrrrr.
746 352 868 441 (ssu
892 356 972 421 rr.
996 354 1045 438 a).
1292 351 1358 418 137

141 524 239 593 duxi.
287 524 362 599 Quo
376 530 415 593 ut
429 526 515 609 reni,
535 528 662 595 hostem
677 527 718 593 ab
732 527 910 594 Antiochia
924 526 1097 606 recessisse,
1112 524 1271 591 Bibulum
1286 527 1357 593 An·

140 629 287 696 tiochiae
301 652 368 696 esse
383 631 540 718 cognovi:
563 631 755 698 Deiotarum
778 631 948 698 confestim
970 630 1037 696 iam
1052 632 1094 696 ad
1108 652 1160 695 me
1175 630 1359 696 venientem

142 756 221 801 aum
243 756 366 821 magno
389 739 423 800 et
448 735 540 801 firmo
567 735 716 821 equitatu
739 740 772 802 et
795 736 944 821 peditatu
967 739 1001 801 et
1025 757 1101 800 oum
1123 734 1273 800 omnibus
1293 734 1359 799 suis

142 837 248 925 copiis
269 838 437 905 certiorem
459 838 521 904 feci
542 862 609 906 non
631 839 735 905 videri
757 861 824 904 esse
846 861 974 904 causam
997 861 1053 904 cur
1076 837 1199 904 abesset
1213 860 1233 902 a
1246 859 1358 924 regno,

143 963 264 1028 meque
281 941 323 1007 ad
338 964 424 1021 eum,
440 941 468 1007 si
482 943 562 1028 quid
576 942 652 1009 novi
662 943 747 1009 lorte
762 942 937 1023 accidisset,
953 943 1065 1009 statim
1073 942 1197 1009 litteras
1211 943 1360 1007 nuntios·

143 1065 210 1132 que
232 1042 406 1110 missurum
429 1067 505 1112 esse.
552 1048 583 1112 8.
607 1046 755 1132 Cumque
779 1069 816 1111 eo
843 1047 951 1112 animo
973 1047 1141 1126 venissem,
1164 1049 1202 1110 ut
1230 1045 1360 1131 utrique

142 1148 340 1235 provinciae,
365 1148 393 1213 si
417 1149 465 1214 ita
489 1153 617 1235 tempus
642 1150 752 1231 ferret,
775 1150 989 1231 subvenirem,
1016 1154 1089 1215 tum
1113 1150 1158 1230 id,
1185 1149 1360 1234 quodiam

142 1258 224 1319 ante
245 1256 423 1319 statueram
444 1252 651 1319 vehementer
673 1254 827 1321 interesse
849 1255 1016 1340 utriusque
1038 1253 1230 1340 provinciae,
1245 1274 1363 1338 pacare

143 1356 316 1421 Amanum
330 1360 364 1421 et
377 1361 570 1442 perpetuum
584 1356 710 1423 hostem
732 1380 773 1423 ex
795 1380 833 1423 eo
847 1363 957 1424 monte
972 1358 1095 1438 tollere,
1111 1379 1207 1443 agere
1222 1356 1358 1443 perrexi.

144 1460 296 1546 Oumque
318 1483 371 1526 me
392 1460 554 1526 discedere
587 1460 628 1526 ab
660 1483 698 1527 eo
727 1467 838 1527 monte
865 1462 1065 1527 simulassem
1095 1465 1129 1526 et
1150 1461 1230 1526 alias
1252 1464 1360 1546 partes

145 1562 282 1629 Ciliciae
296 1567 405 1651 petere
419 1562 626 1650 abessemque
641 1564 682 1630 ab
693 1564 824 1630 Amano
839 1565 901 1631 iter
915 1565 1012 1630 unius
1026 1563 1091 1630 diei
1106 1568 1139 1630 et
1153 1568 1257 1630 castra
1272 1565 1360 1648 apud

145 1664 377 1754 Epiphaneam
392 1667 547 1747 fecissem,
571 1691 599 1733 a.
624 1669 656 1734 d.
681 1690 747 1733 1111.
771 1668 854 1735 Idus
874 1668 1037 1748 Octobres,
1061 1690 1135 1734 oum
1156 1668 1359 1752 advesperas-

145 1774 245 1850 ceret,
261 1770 413 1856 expedito
428 1771 571 1837 exercitu
585 1772 634 1837 ita
651 1776 750 1838 noctu
772 1772 834 1839 iter
855 1772 928 1852 feci,
951 1778 989 1839 ut
1003 1796 1032 1837 a.
1049 1773 1081 1837 d.
1098 1793 1150 1836 111.
1166 1770 1248 1837 Idus
1263 1770 1358 1837 Octo·

145 1872 231 1953 bres,
262 1896 337 1939 oum
366 1874 542 1955 lucisceret,
580 1876 615 1941 in
644 1876 816 1941 Amanum
856 1876 1072 1954 ascenderem,
1115 1873 1360 1958 distributisque

146 1975 334 2043 cohortibus
348 1983 381 2043 et
391 1979 530 2059 auxiliis,
546 2001 621 2045 cum
634 1979 707 2044 ahie
718 1978 759 2050 Q.
771 1978 873 2044 frater
883 1979 1010 2065 legatus
1025 2000 1151 2043 mecum
1165 1977 1271 2056 simul,
1287 1976 1361 2043 ahie

146 2077 185 2145 0.
212 2078 410 2166 Pomptinus
435 2081 572 2168 legatus,
596 2082 729 2167 reliquis
750 2082 799 2149 M.
815 2080 968 2149 Anneius
991 2088 1023 2147 et
1045 2080 1085 2146 L.
1110 2080 1237 2145 Tullius
1258 2079 1360 2166 legati

145 2189 343 2270 praeessent,
358 2183 526 2271 plerosque
539 2208 599 2251 neo
614 2187 783 2272 opinantes
798 2186 1022 2272 oppressimus,
1033 2185 1089 2271 qui
1103 2183 1196 2249 occisi
1210 2184 1359 2269 captique

145 2291 235 2368 runt,
252 2287 419 2353 interclusi
438 2287 529 2375 fuga.
574 2289 720 2355 Eranam
741 2295 861 2369 autem,
884 2310 966 2374 quae
989 2288 1053 2354 luit
1074 2310 1141 2352 non
1163 2286 1226 2352 vici
1247 2286 1361 2367 instar,

144 2390 203 2457 sed
217 2388 321 2468 urbis,
337 2392 423 2476 quod
439 2396 508 2456 erat
517 2390 641 2458 Amani
655 2399 762 2479 caput,
774 2393 918 2478 itemque
930 2391 1088 2477 Sepyram
1103 2394 1135 2456 et
1150 2388 1358 2470 Commorim,

144 2494 267 2560 acriter
280 2498 314 2559 et
328 2494 387 2559 diu
400 2499 629 2582 repugnantes,
641 2495 817 2582 Pomptino
832 2496 925 2561 illam
939 2500 1066 2582 partem
1079 2493 1204 2559 Amani
1217 2496 1359 2573 tenente,

143 2620 188 2663 ex
217 2594 414 2679 antelucano
442 2604 586 2684 tempore
616 2621 715 2684 usque
744 2601 787 2665 ad
815 2599 929 2664 horam
958 2598 1024 2664 diei
1047 2598 1215 2678 decimam,
1239 2618 1361 2683 magna

143 2690 363 2781 multitudine
376 2700 519 2767 hostium
534 2702 645 2783 occisa,
666 2703 809 2790 cepimus
831 2702 1025 2788 castellaque
1039 2701 1072 2766 vi
1088 2705 1181 2787 capta
1196 2700 1361 2786 complura

142 2800 364 2891 incendimus.
409 2806 440 2870 9.
464 2803 532 2870 His
557 2804 653 2871 rebus
676 2806 724 2871 ita
749 2806 848 2894 gestis
873 2810 977 2872 castra
998 2806 1034 2870 in
1053 2803 1216 2870 radicibus
1236 2802 1361 2869 Amani

145 3078 155 3093 .
170 3078 178 3093 .
193 3048 240 3093 ,et
248 3042 354 3091 calates
360 3042 498 3103 praetorias
505 3043 565 3090 duas
574 3060 645 3093 anam
654 3060 730 3105 assam,
784 3045 868 3104 hostes,
878 3042 949 3093 Fam.
957 3041 985 3091 ii.
998 3045 1036 3101 10,
1048 3045 1071 3101 3,
1082 3041 1130 3105 Ep.
1139 3040 1235 3091 ccxxvi.
1246 3057 1252 3101 ;
1265 3041 1320 3091 Ast.
1333 3057 1358 3090 v.

143 3110 255 3157 alterurn
269 3108 350 3159 adeat
357 3105 434 3220 im
452 3123 504 3157 was
523 3108 583 3172 only
594 3124 610 3157 a
622 3109 732 3174 military
784 3113 824 3169 20,
839 3112 861 3165 3,
874 3108 922 3172 Ep.
936 3107 1052 3158 ccxxviii.

143 3172 263 3236 tribune)
380 3175 481 3234 epicam
504 3174 627 3221 Martiam
646 3210 652 3222 .
668 3210 674 3222 .
690 3180 732 3222 .st
815 3177 939 3222 interclusi
943 3172 1022 3237 suyc]
1058 3170 1132 3221 ‘shut
1142 3170 1179 3221 off
1186 3186 1214 3220 as
1224 3171 1285 3236 they
1296 3186 1363 3221 wera

144 3238 211 3286 dm
233 3236 338 3301 cahorm
358 3239 497 3297 praetorias
513 3239 613 3285 miserat
629 3238 733 3286 Hirtius
781 3238 846 3288 from
856 3237 949 3301 right!

146 3300 218 3351 aaa·
247 3299 429 3365 (aachcousul
448 3301 607 3367 accordingly
628 3301 677 3351 had
692 3302 732 3352 his
815 3305 939 3352 Eranam.
955 3299 1142 3366 ..Commcrtm]
1164 3300 1361 3349 Ofthesetowns

146 3366 373 3431 nhorspmetoric)
387 3403 394 3414 .
408 3403 415 3414 .
430 3403 437 3414 .
449 3368 482 3414 In
494 3369 548 3428 ipsa
560 3369 677 3427 Aemilia,
691 3368 732 3415 aas
783 3384 815 3417 on
825 3367 872 3416 Mt.
882 3369 993 3415 Amanus
1004 3382 1042 3414 we
1053 3366 1084 3414 do
1095 3372 1139 3414 not
1148 3364 1208 3413 hear
1218 3365 1359 3414 elsewhere.

145 3432 234 3479 sodon
247 3432 356 3480 Caeam
368 3433 492 3491 pastoria
508 3437 569 3491 crat,
583 3434 626 3480 diss
633 3449 730 3494 payns·
783 3432 897 3496 Possibly
906 3432 1002 3480 instead
1012 3434 1040 3479 ot
1046 3431 1154 3478 Eranam
1161 3445 1199 3478 wc
1208 3429 1297 3479 should
1303 3430 1362 3477 rcad

148 3500 202 3543 tm
213 3501 271 3545 est:
289 3510 328 3559 cp.
342 3494 471 3567 Sallztlat.
485 3498 525 3557 60,
541 3495 688 3561 hlarquardt
703 3497 733 3546 ii²
782 3500 922 3545 Aaronem:
934 3495 977 3545 thc
986 3494 1054 3544 chief
1064 3502 1133 3545 town
1144 3492 1220 3544 ottho
1231 3493 1361 3543 mountain

147 3562 198 3610 4⁰2
209 3558 240 3609 ff.
431 3583 438 3605 ·.
782 3561 864 3625 might
875 3561 906 3610 hc
916 3576 944 3609 sc
955 3560 1041 3609 called.

182 3625 215 3673 ab
225 3624 361 3673 Antiochia
372 3623 503 3690 recessisse]
522 3623 608 3675 Cicero
619 3625 677 3675 does
688 3631 733 3675 not
810 3624 979 3691 repaqaantes]
993 3624 1083 3674 SoBtr.
1094 3623 1143 3673 and
1151 3621 1219 3671 Wcs.
1232 3622 1359 3686 (limile.

146 3686 210 3739 hae
227 3687 340 3739 mention
350 3687 459 3738 thartha
475 3694 630 3739 retreatwas
647 3690 733 3740 ducto
782 3692 835 3754 52).
870 3690 955 3739 Klotz.
968 3688 1183 3749 meticulosum,
1197 3687 1272 3736 while
1284 3686 1361 3736 Orelli

147 3752 194 3804 the
207 3752 352 3803 wnducrof
363 3752 470 3816 Cassius,
485 3752 581 3818 though
591 3754 624 3804 hs
635 3755 692 3804 does
706 3770 733 3804 so
783 3755 842 3803 adds
862 3756 974 3803 torribus.
1008 3753 1077 3802 Wes.
1098 3753 1156 3801 doce
1174 3757 1219 3801 not
1233 3753 1315 3816 object
1333 3766 1361 3801 so

148 3818 300 3895 taAtticus,
314 3820 389 3893 '22⁰’
399 3821 422 3877 3,
432 3818 480 3881 Ep.
490 3818 612 3894 ccxxviii..⁶
626 3818 732 3895 hasard·
782 3819 857 3895 qnuch
869 3828 894 3868 to
906 3818 1018 3903 tisbeing
1029 3817 1132 3867 omitted
1142 3818 1192 3881 (cp.
1206 3815 1275 3865 Caes.
1287 3816 1316 3864 Β.
1329 3816 1360 3865 C.

148 3882 733 4009 reseditresedit?
782 3880 1361 4010 strat‘haesitaresbrom}

149 4012 219 4063 Nou.
239 4012 308 4072 Oct,
329 4012 377 4060 and
394 4027 428 4061 on
443 4011 498 4061 viii.
515 4012 555 4061 ld.
571 4012 627 4062 Oct.
641 4028 692 4063 was
706 4019 734 4062 at
782 4013 834 4077 pial
844 4020 959 4063 sentcncc
969 4012 1094 4062 shouldbe
1105 4013 1230 4074 separated
1241 4010 1306 4059 from
1318 4010 1362 4059 the

151 4076 333 4141 llopsuhestia,
353 4081 451 4126 storrn
468 4082 495 4125 at
508 4076 551 4126 the
568 4077 622 4127 ioot
638 4077 666 4127 oi
678 4077 734 4127 that
783 4078 905 4142 principat
916 4093 977 4127 one:
996 4093 1035 4140 cp.
1046 4076 1132 4125 Madv.
1144 4073 1220 4136 tara,
1234 4074 1293 4124 Oba.
1308 4078 1331 4123 1.

150 4140 292 4192 mountain.
327 4139 478 4191 Meanwhile
489 4140 596 4201 Cassius,
611 4142 668 4191 who
684 4142 734 4192 had
815 4158 844 4191 ea
870 4142 1021 4209 antelucano]
1061 4140 1123 4190 This
1154 4156 1209 4190 rare
1241 4140 1310 4190 word
1337 4139 1360 4189 is

149 4206 213 4257 been
224 4205 274 4256 lert
283 4206 319 4270 by
328 4206 433 4255 Bibulus
441 4205 469 4254 in
478 4207 606 4256 command
614 4206 641 4255 in
651 4206 731 4271 Syris,
783 4207 862 4257 found
873 4206 1005 4258 elsewhere
1020 4206 1048 4256 in
1060 4205 1153 4266 Cicero,
1167 4202 1252 4267 Tusa,
1264 4204 1300 4254 iv.
1310 4208 1340 4255 44
1351 4221 1358 4261 ;

149 4270 267 4322 defeated
282 4271 327 4320 tha
343 4270 476 4320 Parthians
491 4270 575 4321 before
591 4271 731 4333 Antiochia,
784 4272 839 4322 Cat.
852 4272 880 4322 ii.
894 4276 935 4321 2¹2.

151 4334 228 4387 about
237 4336 304 4401 prid
317 4334 384 4385 h'on.
398 4334 454 4384 Oct.
815 4340 840 4386 ai
858 4336 941 4403 capta]
975 4335 1009 4386 So
1020 4334 1124 4400 Madvig
1120 4334 1167 4452 qu
1184 4350 1237 4385 uro.
1255 4333 1282 4386 ii.
1300 4332 1363 4398 278>

183 4402 369 4463 &perpetuast
392 4399 491 4465 taum]
524 4415 564 4464 cp.
594 4402 734 4463 umpttsmt
783 4400 1041 4468 ingeniouslyforsec
1054 4400 1109 4467 (ri.)
1186 4414 1267 4451 anas.
