2976 5356
134 793 177 856 re
497 788 654 856 cerus
680 787 802 873 (ssu
828 786 907 854 rw.
932 785 978 870 o).

129 1205 287 1274 CCXVI.
320 1204 489 1272 CICERO
506 1203 565 1271 ΤΟ
587 1200 781 1270 MARCUS
799 1198 1085 1267 MARCELLUS
1101 1198 1204 1286 (Fau.
1220 1219 1279 1264 xv.
1297 1200 1341 1283 a).

366 1411 468 1469 SEPT.‚
484 1411 516 1454 A·
533 1410 566 1455 U.
584 1411 611 1454 C.
629 1407 699 1468 7033
724 1410 753 1452 B.
773 1409 799 1452 C.
817 1407 871 1467 51;
894 1407 969 1450 ΔΕΤ.
986 1407 1046 1451 cic.
1062 1405 1104 1452 55.

185 1585 223 1636 Μ.
236 1585 321 1637 Cicero
332 1585 369 1636 Μ.
382 1586 500 1637 Marcello
516 1587 655 1652 gratulatur
671 1587 700 1636 dc
716 1586 801 1636 fratris
816 1584 934 1649 patruelis
950 1583 1078 1635 consulatu
1094 1582 1197 1648 repetit
1210 1581 1242 1632 ab
1260 1598 1299 1644 so,
1311 1597 1346 1631 ne

136 1667 263 1731 provincia
273 1667 321 1718 sibi
330 1673 482 1732 prorogetur.

331 1866 370 1921 M.
390 1865 520 1921 CICERO
539 1865 683 1922 Phocoe.
703 1867 729 1920 S.
750 1865 784 1919 D.
805 1866 842 1919 li.
863 1863 1058 1918 MARCELLO
1074 1863 1146 1918 OOS.

205 2017 234 2080 1.
259 2014 307 2081 Te
322 2019 354 2080 ei
368 2015 499 2101 pietatis
512 2016 548 2080 in
563 2019 635 2081 tuos
650 2019 684 2081 et
697 2013 799 2080 animi
819 2014 855 2079 in
870 2035 938 2078 rem
952 2011 1115 2099 publicam
1129 2017 1162 2078 et
1176 2010 1349 2077 clarissimi

139 2122 236 2203 atque
251 2118 365 2203 optimi
380 2119 564 2184 consulatus
587 2119 624 2184 (l.
640 2118 794 2184 Marcello
815 2117 944 2184 consule
962 2118 1047 2182 facto
1068 2115 1211 2181 fructum
1225 2114 1350 2201 cepisse

140 2221 346 2287 vehementer
369 2222 503 2306 gaudeo.
548 2221 626 2288 Non
648 2220 762 2288 dubito
789 2222 869 2306 quid
891 2225 1074 2307 praesentes
1096 2219 1259 2285 sentiant:
1288 2240 1351 2284 nos

133 2325 271 2411 quidem
286 2324 458 2410 longinqui
478 2328 510 2390 et
532 2347 552 2389 a
573 2325 691 2411 teipso
710 2325 800 2390 missi
821 2327 858 2390 in
879 2326 1010 2390 ultimae
1031 2329 1145 2410 gentes
1164 2324 1206 2388 ad
1221 2323 1351 2389 caelum

139 2428 320 2493 mehercule
337 2435 364 2491 te
381 2427 524 2493 tollimus
537 2428 710 2495 verissimis
725 2451 762 2495 ao
775 2428 958 2494 iustissimis
969 2426 1128 2492 laudibus.
1167 2425 1258 2492 Nam
1273 2447 1352 2491 oum

139 2536 173 2596 te
188 2553 208 2595 a
223 2531 360 2615 pueritia
375 2535 433 2595 tua
447 2532 540 2597 unice
561 2532 728 2598 dilexerim
744 2537 844 2617 tuque
866 2555 918 2597 me
938 2532 972 2596 in
988 2530 1076 2596 omni
1091 2552 1209 2616 genere
1223 2520 1353 2614 semper

141 2636 376 2718 amplissimum
391 2657 458 2700 esse
474 2641 506 2700 et
521 2637 659 2701 volueris
674 2641 706 2701 eb
720 2636 880 2715 iudicaris,
897 2639 967 2700 bum
983 2632 1043 2699 hoc
1057 2634 1109 2699 vel
1123 2639 1181 2699 tuo
1196 2631 1354 2697 facto'vel

142 2739 256 2824 populi
270 2738 413 2803 Romani
429 2742 469 2803 dc
489 2744 520 2804 te
543 2740 662 2805 iudicio
686 2741 790 2805 multo
807 2741 911 2804 acrius
930 2737 1214 2821 vehementiusque
1234 2735 1351 2821 diligo,

143 2842 347 2926 maximaque
362 2842 486 2907 laetitia
501 2843 640 2921 adficior,
653 2866 725 2908 oum
735 2843 775 2907 ab
791 2841 974 2907 hominibus
989 2840 1245 2926 prudentissimis
1258 2838 1352 2903 viris-

144 2968 206 3030 que
215 2947 355 3030 optimis
364 2947 512 3011 omuibus
521 2947 615 3011 dictis
624 2948 719 3013 fact-is
734 2947 849 3011 studiis
858 2947 1016 3011 institutis
1025 2945 1077 3010 vel
1087 2967 1139 3009 me
1150 2943 1200 3009 tui
1211 2942 1353 3007 similem

145 3071 212 3113 esse
227 3051 323 3114 audio
338 3050 391 3114 vel
413 3056 445 3114 te
465 3051 538 3114 mei.
584 3052 615 3114 2.
640 3050 756 3115 Unum
771 3073 846 3116 vero
868 3052 894 3114 si
912 3050 1004 3115 addis
1021 3050 1063 3113 ad
1082 3047 1354 3134 praeclarissimas

144 3175 196 3216 res
210 3153 393 3217 consulatus
408 3153 467 3231 tui,
487 3160 524 3217 ut
544 3161 599 3217 aut
623 3154 704 3218 mihi
724 3156 871 3220 succedat
886 3176 983 3240 quam
1004 3153 1145 3239 primum
1163 3150 1281 3236 aliquis
1295 3154 1353 3213 aut

179 3352 232 3400 The
241 3366 287 3400 uss
298 3360 344 3413 put
354 3352 404 3400 this
415 3351 487 3400 letter
498 3351 581 3401 before
593 3369 635 3401 xv.
650 3355 663 3404 'l
676 3353 724 3401 and
774 3353 846 3402 when
869 3354 911 3402 the
934 3353 992 3401 time
1015 3353 1043 3401 of
1067 3350 1110 3400 the
1131 3356 1182 3398 two
1209 3347 1306 3397 actions
1332 3346 1355 3397 is

147 3421 170 3477 8,
184 3417 248 3479 Epp.
262 3416 351 3470 ccxiv..
363 3432 431 3464 ccxv.
467 3417 599 3466 lloubtlcss
612 3417 645 3465 all
655 3418 725 3466 three
775 3419 896 3477 different,
916 3434 956 3467 sce
970 3417 1072 3479 Du'iger,
1086 3416 1114 3463 ii.
1130 3415 1140 3478 d
1154 3417 1209 3472 499,
1225 3416 1239 3461 2
1261 3412 1354 3476 (where

148 3498 211 3530 were
224 3482 321 3529 written
333 3497 365 3529 on
376 3482 417 3529 the
429 3498 495 3530 same
506 3483 553 3545 day
565 3482 723 3544 atasitting.
775 3485 844 3532 there
871 3499 911 3531 are
935 3498 1067 3530 numerous
1090 3479 1240 3540 exurnples);
1272 3477 1354 3541 Baby,

149 3547 228 3595 There
250 3546 272 3593 is
298 3561 331 3592 ne
355 3547 470 3607 practical
495 3562 580 3595 reason
604 3547 665 3595 then
686 3548 727 3595 for
776 3547 872 3608 lim,
887 3549 935 3595 and
948 3547 1010 3595 lteid
1021 3562 1059 3607 ap.
1070 3544 1158 3608 Mayor
1169 3560 1199 3592 en
1212 3543 1245 3590 N.
1261 3542 1292 3590 D.
1302 3541 1352 3590 i.1.

149 3610 254 3672 altering
265 3610 308 3659 the
322 3612 393 3658 order
407 3611 555 3660 established
569 3613 601 3677 by
612 3611 726 3674 previous
809 3613 941 3660 lactantibus
963 3648 969 3659 .
993 3648 998 3658 .
1021 3647 1027 3657 .
1050 3612 1147 3670 optimis
1190 3608 1271 3655 ‘freni
1292 3612 1356 3655 most

147 3676 246 3724 editors.
776 3672 1249 3737 seusiblemenandercellcntjudges.'
1276 3671 1356 3720 There

777 3758 854 3791 seems
870 3750 895 3789 tc
913 3742 942 3788 bc
958 3756 990 3788 no
1008 3739 1151 3788 distinction
1166 3737 1225 3786 here
1242 3736 1356 3785 between

185 3809 207 3852 1.
227 3808 347 3864 pictatis.
364 3841 369 3852 .
385 3805 585 3871 ,actapublicnnq
622 3804 726 3870 ‘family
778 3805 963 3854 bonroandstn

150 3869 265 3918 affection
276 3870 325 3916 aud
335 3869 449 3931 patriotia
460 3870 548 3931 spirit!
809 3873 896 3919 studiis
908 3867 1040 3932 institutis]
1056 3866 1161 3931 ‘lilrings
1170 3863 1354 3929 andpursuits.'

185 3933 219 3998 te]
252 3934 359 3982 inserted
371 3935 404 3998 by
416 3935 520 3998 Kayser.
809 3938 846 3984 vel
862 3953 896 3983 nre
908 3937 943 3982 tui
956 3937 1055 3981 saniem
1068 3950 1115 3981 esse
1129 3935 1199 3979 audio
1208 3934 1244 3979 vel
1259 3937 1282 3978 te
1299 3928 1356 3994 snei]

182 4001 312 4047 eea-issimis
334 4016 360 4045 nc
380 3999 533 4064 iustissimis]
576 4003 656 4048 ‘most
677 3999 726 4048 sin-
778 4000 894 4063 cp.Brut.
904 4002 959 4059 249,
969 4000 1032 4054 Qrdd
1039 4000 1066 4045 de
1076 4001 1118 4046 ido
1126 3996 1278 4061 (Marcellus)
1291 3997 1355 4043 indi·

150 4080 204 4112 ccre
214 4064 262 4112 and
274 4063 476 4112 well-deserum)
777 4082 816 4113 eas
827 4082 893 4127 quent
904 4081 971 4124 saepe
983 4066 1094 4111 ntulisti?
1119 4064 1182 4118 Quid
1189 4077 1265 4109 ocrim
1277 4063 1357 4122 inquit

183 4129 366 4191 atriplissimum]
395 4130 437 4177 ‘ol
443 4129 485 4177 the
495 4128 726 4178 widestintiuence)
779 4130 893 4194 (Brutus)
906 4132 956 4176 eriri
967 4131 1001 4187 id,
1015 4131 1076 4189 qrtod
1086 4128 1214 4175 habiturus
1225 4142 1248 4173 es
1257 4126 1358 4173 sinnam

184 4202 233 4242 tum
247 4195 288 4240 doc
302 4195 340 4240 vel
355 4193 479 4258 trausacto]
514 4199 585 4242 ‘new
598 4195 632 4257 by
643 4208 729 4242 reason
781 4198 818 4242 tui
827 4199 839 4243 :²
855 4195 905 4242 also
924 4197 980 4251 250,
999 4195 1087 4254 ltaque
1102 4208 1153 4239 carin
1169 4207 1221 4239 erent
1236 4197 1308 4238 aratos
1322 4192 1358 4236 toi

151 4259 179 4306 of
196 4258 246 4307 this
266 4258 436 4307 achievement
453 4261 480 4306 of
499 4275 648 4322 years—am
667 4258 680 4307 I
704 4268 730 4307 to
779 4261 880 4307 rirnilem
893 4262 919 4306 in
935 4260 1028 4306 dicendo
1043 4259 1152 4311 uiderint,
1166 4262 1218 4302 tum
1233 4269 1359 4303 erronum

153 4323 199 4371 eall
211 4323 292 4370 it—or
304 4324 445 4372 favournble
459 4325 559 4386 opinion
577 4322 730 4373 entertained
780 4341 795 4370 a
807 4326 941 4371 doctissimo
952 4326 1003 4370 ciro
1015 4324 1128 4381 Cratippo
1140 4323 1284 4367 instructura
1295 4320 1358 4367 orani

152 4389 180 4435 oi
196 4403 246 4450 you
265 4388 297 4451 by
314 4389 356 4436 tbc
374 4388 469 4437 Reman
481 4390 575 4452 purple,
591 4388 603 4436 l
621 4388 670 4436 feel
687 4404 730 4450 my
780 4391 847 4449 copia
859 4390 933 4435 strideo
945 4388 1050 4435 ridebam
1063 4388 1210 4433 similiorem.

152 4452 266 4500 affection
276 4457 316 4500 for
325 4453 528 4515 pouheightened
540 4454 728 4511 undinoreased‚
814 4457 838 4500 ⁴2.
858 4452 938 4516 addis]
979 4451 1027 4499 We
1049 4467 1090 4499 are
1108 4456 1151 4498 not
1169 4457 1195 4498 tc
1218 4448 1313 4511 change
1333 4454 1360 4495 to

154 4518 202 4564 and
219 4533 258 4564 nm
275 4518 426 4581 overjoyea’
441 4520 485 4567 bc.
523 4521 570 4567 ‘J'uo
579 4520 654 4579 sacto,
668 4533 732 4580 your
781 4519 904 4565 addideris
915 4516 977 4565 with
990 4515 1142 4577 Wesenberg
1156 4515 1222 4577 (litii.
1236 4515 1293 4561 Au.
1307 4512 1358 4623 642.

154 4597 251 4629 success
272 4582 299 4629 in
322 4584 417 4644 getting
443 4599 507 4646 your
529 4586 614 4632 cousin
637 4581 731 4630 elected
783 4583 808 4630 lt
826 4582 847 4630 is
866 4598 881 4630 a
900 4581 960 4629 kind
975 4580 1002 4629 of
1022 4580 1153 4642 epistolary
1172 4584 1280 4641 present.
1318 4582 1324 4603 ¹
1349 4575 1361 4622 f

152 4647 240 4694 consul
255 4646 289 4710 by
303 4663 366 4710 your
381 4647 512 4696 erectione.
548 4648 597 4696 For
613 4663 671 4706 acin,
684 4661 728 4695 ex·
781 4662 830 4710 you
842 4663 882 4695 are
893 4647 983 4708 adding
993 4646 1043 4693 this
1054 4660 1100 4693 one
1110 4644 1182 4705 thing
1198 4643 1257 4704 (and
1270 4641 1283 4690 l
1294 4642 1362 4690 lenm

154 4712 265 4774 pressing
276 4728 291 4758 a
302 4713 401 4773 general
415 4719 553 4774 statement,
569 4711 730 4773 followedby
783 4711 803 4760 it
816 4711 969 4773 afterwards)
987 4711 998 4758 Ι
1015 4709 1078 4758 shall
1093 4708 1222 4763 consider·‚‘
1242 4708 1292 4755 &ct
1322 4721 1360 4767 cp.

156 4776 730 4840 tum,expreesingaperticnlarcast-,tlresub-
785 4775 855 4824 Fam.
880 4794 904 4825 x.
932 4780 969 4834 ll,
994 4777 1018 4834 2,
1048 4773 1138 4838 quoted
1166 4773 1197 4835 by
1223 4771 1359 4821 Lehmamr.

154 4840 267 4904 junctius
286 4841 361 4904 being
382 4843 443 4891 used
459 4843 487 4891 in
508 4843 551 4892 the
571 4857 622 4890 cuna
641 4840 732 4902 clause,
785 4858 810 4904 p.
824 4844 864 4889 89.
