2976 5356
135 799 178 865 88
500 798 657 865 eom.
685 799 809 885 (ella
832 800 912 872 XV.
936 804 982 886 1).

136 995 204 1040 esse
225 977 258 1039 et
279 994 436 1039 novarum
457 995 566 1038 rerum
586 972 823 1059 exspectatione
844 996 1024 1062 suspensos,
1042 972 1210 1062 sperabam
1231 976 1343 1042 tamen

136 1099 198 1158 eos,
214 1078 258 1143 ad
279 1098 358 1163 quos
379 1077 446 1142 iam
467 1099 660 1143 accesseram
681 1077 801 1164 quique
822 1082 967 1145 nostram
988 1078 1272 1146 mansuetudinem
1293 1078 1342 1145 in·

136 1180 386 1267 tegritetemque
407 1184 646 1268 perspexerant,
662 1181 828 1247 amiciores
849 1183 971 1269 populo
985 1181 1134 1249 Romano
1149 1202 1216 1248 esse
1231 1181 1343 1263 laotos,

138 1284 286 1351 Ciliciam
300 1288 409 1350 autem
425 1284 598 1350 firmiorem
612 1283 692 1364 fore,
708 1285 736 1350 si
751 1285 925 1371 aequitatis
938 1290 1067 1353 nostrae
1082 1285 1245 1373 particeps
1258 1284 1345 1352 iaota

137 1392 229 1454 esset.
275 1387 322 1454 Et
344 1387 385 1454 ob
407 1410 478 1454 eam
493 1410 622 1454 oausam
637 1392 670 1454 et
690 1391 728 1454 ut
750 1389 1012 1474 opprimerentur
1026 1389 1061 1470 ii,
1078 1389 1190 1475 quiex
1205 1388 1344 1455 Cilicum

137 1496 235 1577 gente
260 1491 296 1556 in
320 1491 417 1557 armis
444 1496 558 1572 essent,
581 1495 614 1557 et
636 1495 674 1557 ut
695 1491 796 1558 hostie
817 1493 856 1573 ie,
879 1494 936 1580 qui
958 1496 1039 1560 esset
1061 1493 1097 1558 in
1120 1492 1228 1578 Syria,
1250 1492 1345 1558 sciret

138 1596 315 1662 exereitum
329 1595 442 1682 populi
457 1594 600 1661 Romani
614 1617 682 1661 non
696 1596 792 1662 modo
813 1619 880 1662 non
895 1598 1006 1663 cedere
1021 1596 1062 1662 iis
1077 1597 1202 1661 nuntiis
1216 1595 1344 1675 adlatis,

138 1701 308 1766 sedetiam
323 1700 455 1786 propius
474 1700 631 1779 accedere,
649 1700 825 1766 exercitum
845 1701 887 1765 ad
904 1699 1049 1767 Taurum
1066 1699 1196 1765 institui
1216 1699 1344 1765 ducere.

139 1806 169 1869 4.
194 1803 269 1884 sed,
293 1803 321 1869 si
345 1804 424 1889 quid
450 1804 537 1890 apud
561 1825 618 1869 vos
643 1803 817 1869 auctoritas
840 1825 913 1869 mea
937 1803 1089 1889 ponderis
1110 1802 1219 1883 habet,
1244 1802 1280 1868 in
1305 1801 1347 1868 iia

139 1908 329 1997 praesertim
343 1906 448 1988 rebus,
473 1929 553 1992 quas
567 1929 626 1972 vos
641 1907 787 1987 audietis,
804 1929 865 1994 ego
874 1929 977 1991 paene
992 1929 1098 1986 cerno,
1115 1927 1237 1992 magno
1252 1927 1349 1991 opere

139 2035 196 2079 vos
215 2016 248 2078 et
264 2011 375 2077 hortor
393 2014 427 2076 et
448 2032 574 2090 moneo,
589 2014 627 2075 ut
643 2009 694 2076 his
710 2010 882 2096 provinciis
902 2011 1002 2077 serius
1024 2033 1081 2077 vos
1101 2011 1234 2096 quidem
1248 2031 1347 2096 quam

139 2117 257 2195 decuit,
281 2115 338 2180 sed
363 2114 539 2200 aliquando
564 2119 675 2180 tamen
698 2115 883 2181 consulatis.
927 2114 998 2181 Nos
1021 2136 1118 2200 quem
1143 2114 1186 2179 ad
1211 2113 1348 2179 modum

138 2222 312 2286 instructos
342 2222 376 2284 et
398 2216 515 2304 quihus
535 2216 703 2304 praesidiis
727 2217 871 2284 munitos
892 2219 935 2284 ad
956 2219 1041 2286 tanti
1062 2217 1140 2284 belli
1160 2217 1349 2304 opinionem

139 2323 291 2391 miseritis
312 2343 378 2387 non
400 2320 476 2386 estis
497 2319 615 2408 ignari.
661 2321 758 2393 Quod
775 2344 836 2408 ego
856 2322 1025 2408 negotium
1047 2343 1114 2386 non
1133 2319 1275 2386 stultitia
1289 2318 1349 2386 ob·

141 2431 296 2506 caecatus,
322 2426 378 2491 sed
401 2425 596 2491 verecundia
619 2425 792 2491 deterritus
817 2448 884 2491 non
909 2425 1063 2491 recusavi.
1117 2423 1234 2509 Neque
1259 2423 1349 2489 enim

140 2552 296 2616 umquam
310 2529 416 2594 ullum
430 2528 610 2615 periculum
631 2532 761 2594 tantum
780 2529 905 2616 putavi,
921 2529 1008 2614 quod
1026 2526 1251 2614 subterfugere
1265 2527 1349 2592 mal·

142 2638 206 2702 lem
221 2656 319 2720 quam
330 2636 454 2698 vestrae
469 2633 654 2697 auctoritati
669 2631 900 2719 obtemporare.
932 2634 963 2696 5.
987 2631 1063 2696 Hoc
1078 2635 1187 2696 autem
1201 2635 1351 2716 tempore

140 2763 190 2807 res
208 2761 275 2805 sese
297 2738 342 2803 sie
362 2736 470 2816 habet,
489 2741 536 2816 ut,
557 2738 620 2803 nisi
642 2738 818 2803 exercitum
840 2740 979 2816 tantum,
1002 2740 1162 2821 quantum
1180 2736 1223 2800 ad
1242 2735 1349 2800 maxi·

140 2866 231 2909 mum
253 2841 375 2908 bellum
396 2841 525 2906 mittere
547 2841 665 2921 soletis,
687 2845 814 2906 mature
839 2841 875 2905 in
899 2840 958 2905 has
981 2840 1162 2925 provinciae
1185 2839 1350 2918 miseritis,

142 2968 304 3013 summum
317 2945 496 3030 periculum
518 2944 560 3009 sit
582 2967 624 3010 ne
644 2946 841 3010 amittendae
860 2945 926 3009 sint
949 2966 1060 3009 omnes
1082 2966 1137 3008 eae
1152 2943 1349 3028 provinciae,

141 3049 258 3136 quibus
283 3049 454 3133 vectigalia
484 3049 597 3134 populi
627 3047 771 3113 Romani
800 3048 1015 3113 eontinentur.
1073 3046 1181 3118 Quam
1210 3046 1253 3112 ob
1278 3069 1351 3112 rom

142 3158 251 3219 autem
266 3153 301 3216 in
312 3153 372 3217 hoo
386 3152 577 3238 provinciali
591 3152 710 3217 dilectu
725 3174 815 3238 spem
826 3150 972 3217 habeatis
987 3150 1129 3236 aliquam
1145 3173 1241 3215 causa
1255 3150 1351 3216 nulla

142 3262 207 3324 eet:
231 3278 336 3338 neque
358 3256 454 3320 multi
477 3260 608 3321 suntet
634 3256 814 3340 diffugiunt
837 3255 893 3340 qui
915 3257 992 3319 sunt
1014 3259 1104 3319 metu
1125 3252 1244 3319 oblato.
1291 3252 1350 3332 Et,

142 3361 228 3446 quod
243 3382 346 3444 genus
361 3358 421 3424 hoc
434 3358 577 3423 militum
592 3358 633 3423 sit
648 3359 804 3426 iudicavit
819 3359 869 3423 vir
884 3357 1077 3424 fortissimus
1091 3356 1140 3421 M.
1157 3356 1300 3422 Bibulus
1314 3357 1350 3423 in

141 3464 232 3542 Asia,
243 3463 309 3548 qui,
324 3485 398 3527 cum
413 3484 469 3527 vos
484 3462 513 3527 ei
528 3462 761 3547 permisissetis,
777 3463 932 3528 dilectum
942 3460 1061 3527 habore
1074 3460 1226 3526 noluerit.
1257 3458 1351 3527 Nam

176 3712 199 3758 3.
218 3724 331 3757 neverum
359 3723 438 3755 rerem
469 3711 637 3769 exspectatione
664 3725 716 3757 aee·
803 3725 841 3756 eee
849 3706 1000 3772 preeieee'ee]
1026 3706 1110 3755 ‘these
1118 3704 1255 3767 provinces,
1264 3719 1299 3754 on
1307 3705 1353 3755 the

138 3772 236 3838 peieret]
272 3778 278 3800 t
290 3772 416 3836 wurering
436 3772 464 3820 in
486 3773 640 3836 expectation
660 3773 687 3822 of
705 3790 720 3821 a
770 3773 939 3821 meintenanec
950 3772 977 3820 of
988 3771 1070 3820 which
1081 3771 1176 3832 depend
1187 3770 1229 3819 the
1240 3777 1312 3819 taxes
1323 3770 1352 3819 oi

141 3838 281 3887 revolution
290 3838 306 3896 ',
319 3841 464 3902 μετεώρους.
769 3838 812 3886 the
822 3839 917 3886 Roman
927 3837 1031 3900 peoplc.’
1067 3835 1152 3884 Cicero
1163 3835 1261 3897 appeels
1268 3841 1316 3884 not
1323 3842 1352 3885 to

175 3902 388 3968 maeeeetedieem]
435 3902 467 3951 So
489 3901 626 3962 Manutius,
651 3918 717 3952 eom·
770 3903 813 3950 the
835 3902 933 3966 dignity
951 3903 995 3950 but
1017 3908 1043 3950 to
1062 3900 1104 3949 the
1127 3900 1239 3963 cupidity
1255 3899 1284 3948 of
1306 3899 1350 3950 the

159 3968 229 4031 aring
246 3968 316 4016 Fam.
335 3983 377 4015 xv.
397 3969 419 4026 3,
440 3969 463 4026 2,
482 3966 529 4029 Ep.
543 3968 632 4023 ccxii:
653 3970 675 4026 5,
694 3971 717 4027 2,
770 3969 869 4016 Sancte.
904 3968 998 4027 eliqeeid
1011 3969 1144 4013 cavillaretur
1159 3968 1240 4025 eliqua
1256 3980 1282 4011 re
1297 3963 1320 4014 is
1335 3981 1352 4014 a

141 3985 190 4096 hp.
213 4032 318 4089 celxrn'.;
339 4035 391 4080 aet.
410 4048 435 4080 v.
453 4034 490 4092 18,
512 4036 535 4092 2,
549 4032 597 4095 Ep.
619 4031 717 4081 ccxxiii.
771 4048 882 4080 common
900 4030 1043 4080 Ciceronian
1065 4028 1206 4092 expression
1225 4028 1300 4093 (Reid
1317 4045 1351 4079 cn

142 4097 195 4146 Tho
208 4113 254 4146 uss
265 4098 322 4159 give
333 4099 528 4145 eeeeretedieem.
771 4097 834 4145 Sull.
845 4097 896 4159 63).
929 4095 981 4144 The
989 4096 1057 4143 word
1065 4097 1223 4154 certiorantur,
1233 4093 1348 4157 perhaps,

174 4163 296 4221 sperabam
315 4199 321 4209 .
342 4199 348 4209 .
369 4199 374 4209 .
393 4160 536 4226 arcesarces]
571 4160 673 4210 ‘Ittust
682 4177 719 4209 we
769 4161 837 4209 hints
860 4178 875 4208 a
899 4160 1034 4221 metaphor,
1059 4159 1109 4207 like
1137 4158 1262 4221 συνέχειν.
1309 4162 1352 4208 An

141 4227 205 4275 shall
222 4227 273 4274 find
290 4226 345 4275 that
360 4226 421 4290 they
437 4226 500 4275 have
517 4226 635 4275 become*
670 4226 720 4274 For
769 4225 874 4289 English
896 4233 977 4273 orator
999 4224 1081 4274 would
1102 4223 1166 4271 haro
1189 4223 1258 4272 said:
1290 4223 1352 4274 ‘the

141 4291 184 4340 thc
206 4291 269 4353 peri.
288 4290 336 4338 inf.
354 4291 418 4339 after
439 4307 541 4351 sperare,
558 4290 672 4354 pointing
693 4297 719 4339 to
770 4291 897 4354 provinces
920 4289 1001 4337 which
1028 4304 1069 4337 ero
1094 4288 1137 4337 the
1160 4288 1297 4352 hay-stone
1323 4288 1352 4338 of

142 4357 184 4405 tho
201 4356 286 4404 future
302 4356 445 4419 knowledge
462 4356 489 4404 of
505 4372 520 4404 a
534 4355 662 4418 pastinat,
678 4373 717 4418 ep.
770 4352 1138 4417 ltonie'sfinaneialstability.’
1167 4353 1221 4402 Tho
1231 4353 1352 4416 province

143 4421 213 4470 Fam.
227 4420 271 4469 vii.
286 4424 324 4479 32,
341 4426 362 4481 1,
376 4419 424 4483 Ep.
438 4420 551 4479 carnin,
570 4423 622 4469 att.
636 4420 663 4468 ii.
677 4424 717 4479 21,
769 4418 901 4484 especially
918 4418 1016 4467 alluded
1032 4424 1058 4468 to
1073 4418 1094 4466 is
1110 4417 1185 4467 Asia:
1204 4435 1243 4482 ep.
1259 4418 1350 4468 Manil.

143 4489 166 4544 2,
186 4485 233 4547 Ep.
250 4485 349 4544 xlviii.;
369 4484 399 4540 Q.
414 4485 457 4534 Fr.
472 4485 500 4534 ii.
519 4491 542 4544 4,
557 4489 581 4545 2,
594 4485 641 4547 Ep.
659 4501 715 4539 cv.;
772 4489 811 4533 16.

142 4551 196 4598 Aet.
209 4549 262 4598 viii.
277 4553 345 4609 e‚7;
366 4551 426 4609 Η,
441 4554 464 4597 3.
802 4548 918 4622 noluerit]
965 4547 1028 4610 peri.
1055 4547 1121 4610 subj.
1158 4547 1212 4596 ⁴M.
1243 4547 1352 4598 Bibulus

175 4619 199 4662 4.
218 4618 251 4662 ed
267 4617 331 4661 teeti
349 4616 403 4662 eeei
418 4614 561 4678 epieieeem]
598 4618 638 4662 ‘to
652 4613 719 4662 what
770 4614 868 4662 shewed
886 4613 925 4661 lna
944 4612 1044 4676 opinion
1062 4614 1091 4660 of
1107 4612 1176 4661 these
1193 4613 1296 4662 soldiers
1316 4613 1351 4679 by

142 4677 595 4743 isexpectedtobesogrcatawer.'
633 4679 719 4739 Opiee'e
769 4678 881 4741 refusing
898 4677 971 4726 when
990 4693 1040 4741 you
1056 4677 1161 4727 allowed
1177 4677 1230 4727 him
1247 4685 1273 4727 to
1290 4678 1351 4728 hold

142 4742 164 4792 is
185 4743 228 4792 the
250 4744 317 4791 word
345 4745 404 4792 used
431 4744 458 4792 in
482 4745 525 4792 the
546 4743 653 4807 Vulgata
680 4744 720 4792 for
768 4742 900 4806 thclevy.'

144 4811 272 4857 ‘rumours
287 4809 314 4856 of
331 4808 410 4857 wers’
431 4808 532 4872 (Matth.
550 4808 620 4857 xxiv.
639 4809 674 4871 6).
801 4810 866 4856 Nem
877 4805 1003 4872 socierum]
1026 4806 1087 4855 This
1098 4813 1213 4856 sontcnce
1223 4823 1353 4871 expresses

176 4875 200 4922 5.
218 4872 373 4938 emittendae]
409 4877 416 4901 ⁴
426 4872 500 4937 giren
511 4874 564 4936 up.'
769 4887 784 4922 a
803 4872 889 4929 truth;
908 4873 964 4932 and,
983 4886 1017 4921 no
1032 4871 1116 4933 doubt,
1136 4873 1221 4923 Cicero
1240 4873 1282 4923 did
1299 4873 1353 4924 feel
