2976 5356
134 796 179 861 94
488 797 668 864 eexxrr.
694 795 817 881 (rura
841 795 916 862 ΙΙΙ.
941 797 989 882 a).

135 970 250 1037 diebus
272 993 364 1037 meus
389 976 566 1038 conventus
589 976 658 1037 erat
671 968 850 1056 Apameae,
865 967 1033 1055 Synnade,
1055 964 1259 1047 Philomelii,
1272 968 1343 1032 uu

136 1073 257 1141 Tarsi?
289 1075 367 1142 Non
378 1076 484 1142 dioam
498 1075 602 1161 plura,
618 1097 670 1155 ne,
685 1074 721 1140 in
732 1096 796 1161 quo
810 1077 845 1140 te
859 1071 1039 1158 obiurgem,
1056 1071 1093 1139 id
1108 1073 1218 1159 ipsum
1236 1069 1343 1138 vidam

136 1178 271 1245 imitari.
317 1177 409 1245 Illud
424 1180 540 1258 dieam,
556 1182 594 1245 ut
609 1177 732 1244 sentio:
754 1175 782 1243 si
796 1177 869 1259 ista,
885 1198 968 1263 quae
979 1177 1060 1244 alios
1070 1176 1163 1263 loqui
1173 1173 1267 1254 diois,
1281 1172 1345 1261 ipsa

137 1282 248 1363 sentis,
263 1285 322 1349 tua
336 1305 462 1348 summa
477 1283 571 1368 eulpa
585 1285 652 1348 est:
676 1281 727 1347 sin
742 1284 852 1347 autem
867 1281 925 1346 alii
938 1284 1047 1347 teoum
1060 1280 1140 1346 haee
1154 1278 1344 1366 loquuntur,

136 1389 196 1452 tua
214 1391 335 1466 tamem
360 1388 447 1472 quod
473 1386 575 1466 audis,
600 1386 696 1471 eulpa
718 1407 784 1450 non
807 1385 901 1450 nulla
923 1388 982 1451 est.
1029 1384 1109 1450 Mea
1126 1384 1214 1451 ratio
1228 1383 1267 1449 in
1279 1386 1345 1450 tou

137 1488 280 1555 amioitia
302 1500 413 1555 nostra
436 1494 585 1556 eonstans
609 1495 643 1555 et
668 1488 777 1575 gravis
805 1489 992 1575 reperietur.
1040 1487 1138 1561 Quod
1163 1486 1277 1574 siqui
1297 1506 1344 1553 me

137 1593 327 1659 astutiorem
341 1592 539 1679 fingit,quid
552 1596 736 1679 potestesse
751 1592 900 1658 eallidius
914 1615 1024 1679 quam,
1041 1614 1117 1658 oum
1129 1596 1166 1658 te
1180 1590 1344 1658 absentem

138 1717 263 1782 semper
289 1696 500 1776 defenderim,
527 1718 601 1762 eum
620 1695 809 1782 praesertim
820 1695 904 1762 mihi
928 1718 990 1762 usu
1016 1700 1196 1762 venturum
1214 1716 1286 1762 non
1300 1716 1344 1760 ar·

136 1797 284 1878 bitrarer,
299 1802 338 1865 ut
353 1821 413 1885 ego
428 1821 555 1885 quoque
577 1821 597 1864 a
610 1802 644 1864 te
659 1799 773 1866 absens
788 1799 1014 1866 defendendus
1029 1821 1141 1879 essem,
1157 1821 1251 1865 nuno
1265 1819 1344 1864 oom-

136 1903 261 1982 mitere,
277 1908 315 1969 ut
329 1907 367 1968 tu
380 1904 450 1969 iure
465 1903 588 1988 optimo
601 1926 654 1969 me
669 1902 835 1969 absentem
850 1904 995 1970 deserere
1010 1902 1142 1990 possis?
1174 1904 1205 1970 7.
1231 1900 1345 1968 Unum

137 2029 241 2093 genus
267 2007 390 2093 excipio
413 2007 577 2086 sermonis,
601 2007 637 2072 in
659 2029 724 2093 quo
746 2028 899 2093 persaepe
925 2006 1051 2092 aliquid
1065 2005 1197 2085 dieitur,
1213 2005 1345 2092 quodto

137 2115 251 2198 putem
264 2110 351 2176 nolle
366 2111 440 2190 diei,
464 2111 492 2176 si
514 2115 571 2176 aut
592 2111 775 2197 legatorum
800 2114 932 2176 tuorum
958 2109 1100 2197 ouipiam
1124 2112 1185 2175 aut
1204 2107 1345 2195 praeiss-

137 2217 247 2280 torum
261 2217 319 2279 aut
337 2213 542 2280 tribunorum
563 2214 707 2280 militum
728 2214 813 2280 male
835 2213 975 2280 dieitur:
999 2213 1086 2299 quod
1105 2214 1219 2277 tamen
1239 2211 1346 2298 ipsum

138 2339 206 2383 non
220 2316 402 2383 mehereule
417 2315 522 2382 adhue
537 2316 654 2382 aooidit
667 2338 720 2383 me
735 2317 897 2396 audiente,
913 2319 951 2382 ut
966 2320 1025 2381 aut
1039 2314 1173 2402 gravius
1187 2313 1348 2381 diaeretm

139 2425 197 2488 aut
212 2421 268 2498 †in
282 2421 423 2508 plures†,
438 2442 536 2506 quam
550 2442 677 2486 meeum
692 2419 850 2506 (loreyrae
866 2419 999 2486 Clodius
1010 2422 1058 2485 est
1073 2419 1212 2498 loeutus,
1225 2438 1302 2484 oum
1313 2416 1348 2485 in

140 2548 177 2591 eo
190 2547 307 2611 genere
322 2524 462 2589 maxime
474 2528 660 2608 quereretur
674 2528 707 2590 te
722 2525 861 2590 aliorum
874 2521 1083 2609 improbitate
1097 2521 1209 2587 minus
1221 2521 1349 2589 ieliosm

140 2629 249 2694 fuisse.
295 2627 369 2693 Hos
393 2650 454 2714 ego
478 2649 647 2708 sermones,
671 2629 757 2714 quod
772 2632 805 2693 et
820 2627 917 2693 multi
932 2629 1009 2692 sunt
1025 2630 1057 2691 et
1074 2628 1168 2691 tuam
1182 2625 1348 2690 existima·

140 2733 272 2812 tionem,
288 2737 326 2797 ut
341 2754 401 2816 ego
416 2734 529 2814 sentio,
553 2754 620 2797 non
635 2732 817 2811 offendunt,
832 2729 978 2796 laoessivi
993 2749 1184 2813 numquam,
1201 2728 1263 2794 sed
1283 2749 1348 2794 non

140 2836 235 2902 valde
249 2837 395 2922 repressi.
427 2836 463 2901 Si
478 2837 550 2922 quis
561 2839 609 2901 est
624 2834 681 2920 qui
695 2834 858 2900 neminem
872 2832 1033 2899 bonafide
1048 2832 1083 2896 in
1098 2831 1242 2917 gratiam
1257 2834 1350 2918 putet

140 2939 244 3005 redire
258 2960 359 3024 posse,
382 2961 449 3004 non
471 2943 615 3004 nestram
634 2937 845 3023 isperfidiam
860 2935 1016 3022 ooarguit,
1032 2935 1089 3000 sed
1103 2934 1231 3000 iudieat
1246 2954 1348 3014 suam,

140 3043 299 3127 simulque
322 3065 388 3107 non
411 3044 452 3107 de
475 3065 527 3108 me
542 3042 570 3106 is
584 3041 676 3127 peius
700 3063 798 3125 quam
822 3040 862 3105 de
884 3044 918 3106 te
941 3039 1116 3104 existimat.
1162 3035 1224 3103 Sin
1240 3041 1348 3104 autem

140 3169 237 3231 quem
251 3168 324 3210 mea
338 3145 489 3210 institut-a
503 3146 538 3210 in
552 3144 717 3231 provincia
740 3166 806 3209 non
826 3143 987 3207 delectant
1003 3146 1035 3207 et
1050 3140 1193 3226 quadam
1208 3140 1348 3208 dusmi-

139 3248 278 3314 litudine
303 3249 526 3314 institutorum
554 3269 700 3313 meorum
729 3269 766 3312 ae
795 3250 927 3312 tuorum
956 3244 1042 3311 laedi
1072 3266 1107 3311 se
1131 3248 1241 3331 putat,
1275 3266 1348 3311 oum

176 3506 259 3572 Tarsi]
293 3523 331 3569 ep.
345 3508 398 3555 Att.
411 3522 437 3555 v.
453 3507 490 3565 17,
505 3510 528 3564 6,
542 3505 589 3567 Ep.
603 3504 665 3553 ccix.
769 3507 830 3551 sidio
843 3503 922 3566 (Caes,
942 3502 972 3551 B.
986 3502 1017 3551 G.
1031 3519 1056 3550 v.
1076 3503 1116 3561 27,
1130 3499 1351 3564 o)”;butifso‚

173 3571 250 3637 ratio]
283 3571 425 3629 ‘conduct'
441 3569 582 3620 ‘attitude’
771 3567 829 3632 why
846 3575 890 3617 not
901 3570 962 3627 tarsi,
981 3583 1008 3615 as
1030 3567 1057 3615 in
1071 3566 1115 3615 the
1134 3581 1250 3615 common
1265 3565 1354 3630 phrase

173 3634 296 3701 callidius]
331 3635 442 3684 ironical.
472 3635 544 3683 Some
555 3635 645 3682 editors
656 3633 720 3682 hara
770 3636 825 3681 usui
841 3649 896 3689 esse,
913 3631 984 3681 Bulb.
1001 3633 1053 3680 24?
1069 3647 1107 3693 cp.
1122 3630 1203 3695 Roby,
1216 3630 1247 3679 ii.
1262 3647 1289 3695 p.
1304 3630 1351 3692 lv,

141 3702 272 3766 suggested
287 3702 397 3760 calidius,
418 3699 598 3758 ‘hot-heedod,’
614 3699 720 3760 opposed
770 3714 817 3746 non
844 3699 986 3756 arbitrarer,
1014 3694 1154 3745 concessive
1181 3693 1352 3759 subjunctive,

141 3772 168 3817 to
178 3770 325 3824 uetustiorem,
341 3765 408 3813 ‘eool
419 3766 467 3813 aud
479 3764 627 3826 calculating
636 3764 653 3819 ’;
675 3763 721 3811 but
771 3762 852 3826 Roby,
869 3761 880 3823 l
896 3764 967 3813 1730.
1303 3799 1319 3819 κ

141 3832 185 3881 the
199 3847 244 3879 use
258 3831 286 3879 of
300 3832 393 3877 calidus
407 3829 434 3878 in
449 3829 504 3878 that
515 3845 584 3878 senso
597 3829 618 3877 is
629 3828 720 3892 mostly
804 3829 828 3879 7.
847 3831 873 3876 in
879 3825 974 3890 plures]
989 3830 996 3854 ⁴
1008 3840 1055 3874 nor
1065 3824 1173 3873 directed
1179 3824 1280 3887 against
1287 3829 1355 3875 utare

142 3896 276 3945 connected
287 3895 493 3943 withconsilium.
527 3892 639 3942 Tharais
656 3893 721 3941 little
771 3891 999 3941 thunthosowhom
1008 3888 1355 3939 Clodiusreferredtoonona

143 3978 170 4010 or
181 3977 213 4010 uo
225 3961 355 4008 differenoe
366 3960 394 4008 of
404 3959 519 4023 meaning
530 3959 641 4008 between
653 3960 719 4006 calli·
771 3956 902 4006 0eoasion.’
938 3955 988 4004 But
1003 3955 1046 4004 the
1061 3953 1282 4004 sentenceisreall
1309 3960 1355 4003 not

142 4027 246 4075 durand
257 4031 360 4072 astratus.
771 4021 855 4071 Latin.
883 4020 1109 4083 Wesenbergldm.
1118 4021 1175 4067 Ale.
1185 4035 1211 4082 p.
1221 4022 1256 4080 6),
1298 4017 1305 4029 '

175 4107 227 4138 curn
240 4089 395 4152 praesertim]
436 4089 501 4136 ‘and
517 4087 572 4136 that
588 4086 719 4149 though’;
771 4102 810 4135 we
821 4086 909 4135 should
924 4087 981 4134 read
993 4086 1092 4133 liberius
1103 4084 1144 4132 for
1155 4086 1182 4130 in
1191 4085 1350 4146 plurmsup·

143 4153 430 4231 cp.cie.1>hil.·fi.oo;
449 4151 719 4226 riii.o:oecasi011ally
772 4151 859 4215 posing
878 4150 1024 4264 mrtemhls
1042 4165 1107 4199 were
1128 4148 1256 4198 somehow
1274 4156 1352 4261 traAus·

143 4217 587 4344 tlfltfiltltttttllltl
600 4217 671 4265 Μ·
685 4233 719 4265 l·
772 4217 854 4340 llll:
867 4218 1350 4342 “2⁸‚⁰E,f¹00‚{'l.⁰¹¹⁵stlt”⁰l.?,t¹¹t3:

176 4365 221 4397 usu
235 4347 373 4412 venturum]
410 4347 508 4395 ‘would
521 4361 588 4395 come
605 4352 630 4394 to
645 4346 718 4408 poss,'
773 4346 857 4408 gested
879 4347 1008 4407 impurius,
1028 4342 1112 4392 which
1134 4357 1193 4406 may
1213 4343 1247 4392 be
1268 4341 1349 4406 right:

143 4429 200 4476 opp.
211 4429 238 4497 ‚¹¹¹
249 4428 319 4487 sense
330 4418 355 4460 to
366 4415 515 4470 cornaritterc,
532 4416 574 4460 ‘to
584 4410 657 4502 bripg
667 4409 688 4458 it
696 4416 722 4484 to
773 4410 868 4486 Appius
879 4425 936 4474 may
947 4409 1014 4501 have
1022 4408 1083 4457 used
1093 4424 1108 4456 a
1119 4414 1206 4472 strong
1213 4409 1294 4496 prend.

143 4476 430 4606 {tlsltltllte
444 4475 722 4602 t‘ssltltst‘ttt
806 4472 970 4603 ttt'tt]
996 4472 1279 4603 ‘stltltttt
1297 4533 1351 4585 „a

143 4607 267 4669 practice,'
287 4605 520 4718 ‘inexperienee’p,
535 4603 723 4666 butitisquita
772 4602 858 4652 thinks
877 4602 932 4652 that
945 4618 978 4651 no
997 4617 1044 4651 one
1063 4618 1110 4651 ean
1126 4601 1249 4667 sineerely
1268 4607 1350 4651 roim

144 4687 171 4720 as
184 4671 261 4735 likely
272 4677 298 4719 to
309 4671 340 4718 ba
355 4687 370 4719 a
384 4671 496 4719 dativae
524 4669 567 4718 the
582 4675 632 4717 sort
645 4668 723 4717 ealled
773 4667 826 4717 into
843 4667 953 4731 friendly
972 4667 1088 4716 relations
1107 4666 1302 4727 pith'another,
1321 4663 1352 4714 bs

144 4736 294 4798 predicative
310 4737 362 4799 (‘to
377 4751 445 4784 oome
459 4750 486 4783 as
503 4740 622 4783 amatter
635 4733 663 4781 of
677 4749 721 4782 ex·
774 4733 831 4782 does
846 4738 889 4781 not
900 4731 998 4781 conrict
1013 4747 1052 4781 me
1068 4731 1095 4780 of
1112 4731 1233 4782 falsenass
1247 4731 1277 4782 of
1293 4729 1348 4782 obs·

144 4799 298 4875 perionee'):
312 4816 351 4861 ep.
361 4802 440 4849 vestire
451 4801 551 4848 exscidio
563 4799 647 4863 (Verg.
658 4799 721 4846 Aen.
774 4803 860 4858 raeter,
873 4797 919 4846 but
930 4797 1028 4861 betrays
1039 4796 1078 4845 his
1089 4796 1167 4845 oum!

145 4881 163 4914 1.
173 4867 230 4929 22);
243 4864 380 4928 odioffliu,
391 4866 427 4913 Η.
437 4867 470 4913 Ν.
480 4863 568 4913 xxviii,
580 4867 654 4924 106);
668 4864 722 4912 ruh-
807 4861 933 4927 instituta]
970 4861 1088 4925 ‘polioy’
