2976 5356
534 361 672 427 carra
698 360 816 446 (aaa
839 361 899 430 ar.
922 366 967 444 ι).
1286 361 1354 426 ico

141 532 225 600 mihi
239 533 423 600 carissimus
437 536 495 613 est,
510 532 558 599 M.
574 532 745 600 Laenium.
791 533 835 600 Id
848 535 886 602 iit
900 558 975 602 cum
989 533 1138 622 plurimis
1156 532 1226 598 eius
1240 533 1351 600 officiis

142 642 214 704 tum
235 659 368 703 summa
394 636 554 722 probitate
583 641 616 704 ct
641 637 799 725 singulari
828 641 994 705 modestia.
1039 637 1128 703 Eum
1158 658 1218 722 ego
1248 659 1269 701 a
1297 659 1351 704 mc

142 740 358 807 invitissimus
378 740 498 819 dimisi,
521 762 595 807 cum
617 746 749 827 propter
773 741 1030 810 familiaritatem
1052 745 1084 806 et
1110 740 1352 807 consuetudinis

142 845 338 912 suavitatem
352 849 425 911 tum
441 844 529 929 quod
547 844 680 910 consilio
704 845 773 910 eius
796 846 886 911 fideli
907 869 945 912 ao
963 845 1048 911 bono
1063 843 1212 911 lubenter
1225 843 1350 910 utebar.

141 949 173 1013 2.
196 947 266 1015 Sed
284 970 396 1014 vereor
415 971 457 1014 ne
476 949 543 1014 iam
569 970 732 1034 superesse
755 948 837 1014 mihi
854 948 952 1015 verba
974 953 1078 1036 putes,
1101 970 1184 1033 qnae
1205 947 1351 1013 dixeram

142 1052 308 1118 defutura.
354 1050 552 1118 Commendo
567 1051 629 1117 tibi
643 1050 808 1118 hominem
830 1052 885 1131 sio,
906 1056 944 1118 ut
962 1051 1126 1138 intellegis
1148 1073 1199 1116 me
1216 1072 1293 1128 eaor,
1316 1055 1352 1115 de

141 1178 207 1241 quo
221 1178 263 1222 ea
276 1178 374 1242 supra
387 1155 579 1242 scripserim,
594 1154 711 1220 debere
730 1157 973 1221 commendare:
998 1178 1018 1221 a
1032 1160 1129 1241 teque
1143 1155 1351 1220 vehementer

141 1259 244 1325 etiam
263 1264 361 1345 atque
380 1259 480 1326 etiam
500 1263 585 1344 peto,
611 1262 650 1322 ut
671 1259 759 1343 quod
783 1258 882 1324 habet
906 1260 942 1324 in
964 1265 1022 1324 tua
1042 1258 1208 1344 provincia
1227 1257 1353 1343 negotii

139 1362 307 1449 expedias,
332 1363 420 1449 quod
441 1361 504 1428 tibi
524 1359 686 1428 ridebitur
704 1365 830 1428 rectum
853 1385 920 1428 asse
942 1363 1006 1448 ipsi
1027 1363 1124 1427 dicas.
1170 1360 1352 1428 Hominem

139 1464 338 1531 facillimum
357 1465 680 1551 liberalissimumque
703 1486 881 1551 cognosces.
926 1464 1044 1551 Itaque
1064 1469 1097 1531 te
1118 1485 1208 1550 rogo,
1224 1469 1262 1529 ut
1276 1485 1352 1530 aum

138 1567 297 1649 solutum,
311 1567 460 1648 liberum,
484 1568 635 1634 coniectis
657 1567 726 1634 eius
748 1569 888 1654 negotiis
905 1592 962 1655 per
982 1574 1014 1635 te
1034 1590 1133 1654 quam
1153 1568 1295 1653 primum
1308 1568 1352 1633 ad

138 1693 193 1739 ms
206 1672 368 1739 remittas.
413 1671 456 1738 Id
469 1671 552 1738 mihi
566 1672 726 1757 fratrique
739 1694 812 1739 meo
827 1672 1047 1760 gratissimum
1062 1671 1184 1737 feceris.

287 2027 424 2096 chII.
470 2030 639 2098 CICERO
662 2031 721 2099 ΤΟ
744 2029 945 2098 ATTIOUS
971 2030 1068 2114 (Ari.
1093 2052 1140 2095 vr.
1168 2031 1205 2113 1).

438 2230 468 2272 a.
486 2228 519 2273 a.
538 2229 564 2272 c.
583 2226 653 2287 ⁷⁰43
678 2229 709 2272 a.
727 2229 753 2272 c.
771 2226 824 2286 so;
849 2228 924 2271 aar.
941 2227 1000 2270 cic.
1018 2227 1059 2273 sc.

191 2376 231 2428 lt.
249 2376 336 2429 Cicero
351 2377 436 2428 Attico
451 2377 538 2429 scribit
552 2377 656 2440 litteras,
675 2394 737 2443 quas
753 2377 796 2427 ille
813 2377 844 2426 ad
860 2393 886 2427 se
902 2376 1016 2437 dedisset,
1033 2392 1060 2426 se
1074 2380 1171 2439 praeter
1184 2373 1255 2424 binas
1268 2389 1355 2424 omnes

141 2458 276 2523 accepisse.
309 2459 349 2508 Ad
367 2460 412 2509 has
428 2459 479 2509 iarn
497 2460 627 2523 respondet
644 2465 669 2509 et
688 2459 809 2523 copiosius
825 2458 925 2524 quidam
942 2459 973 2508 dc
989 2458 1070 2522 Appio
1086 2463 1238 2506 antecessore
1254 2471 1306 2512 suc,
1323 2455 1355 2505 dc

143 2539 220 2590 Bruti
229 2541 362 2599 mandatis,
374 2557 403 2591 ac
413 2540 520 2604 primum
531 2541 631 2607 quidem
642 2542 673 2591 de
684 2541 858 2598 Ariobarzane,
876 2539 933 2589 dein
949 2540 979 2588 de
996 2538 1146 2598 Salaminiis,
1157 2536 1316 2601 iniquitatem
1326 2535 1353 2585 in

142 2636 170 2671 se
181 2621 256 2671 Bruti
266 2637 386 2686 querens:
404 2627 489 2685 postea
499 2622 529 2672 dc
539 2622 618 2683 libris,
632 2622 676 2686 qui
687 2628 745 2671 sunt
756 2623 786 2671 dc
801 2637 827 2671 re
842 2621 949 2685 publica,
962 2622 1029 2671 etde
1040 2636 1120 2670 errore
1131 2619 1158 2668 in
1169 2617 1216 2667 (ln.
1230 2616 1318 2666 Flavio
1328 2623 1354 2667 et

142 2701 217 2751 iustis
228 2717 244 2751 a
254 2717 281 2752 ss
292 2702 428 2764 commisso,
441 2702 499 2752 dein
512 2703 612 2753 brevius
628 2703 714 2753 scribit
730 2704 761 2752 de
777 2719 803 2752 se
819 2702 973 2766 imperatore,
991 2700 1131 2766 denegatio
1142 2698 1354 2762 Tulliaealiisquc

144 2781 174 2832 ds
190 2781 277 2843 rebus,
295 2783 432 2847 dequibus
448 2782 579 2847 scripserat
590 2783 696 2833 Atticus.
730 2784 795 2833 Tum
814 2784 923 2834 debello
943 2783 1067 2842 Parthica,
1085 2782 1115 2831 dc
1132 2780 1216 2830 Bibali
1233 2780 1313 2830 edicto
1329 2785 1355 2830 ct

144 2863 174 2914 ds
190 2879 247 2925 suc,
267 2864 298 2914 ds
317 2864 464 2929 publicanis,
484 2865 515 2914 dc
534 2881 615 2914 errore
632 2881 648 2914 a
665 2864 767 2915 Metello
789 2865 817 2915 in
838 2864 1017 2928 subscriptione
1041 2870 1138 2913 statuas
1154 2861 1268 2911 Africani
1287 2861 1355 2911 facto

145 2960 196 2995 uon
211 2947 361 3007 excusando,
382 2946 505 2996 similibus
522 2947 645 2997 erroribus
669 2963 684 2996 e
708 2946 809 2997 Graecis
835 2946 977 2997 auctoribus
999 2944 1143 3003 commissis,
1162 2945 1192 2993 da
1209 2942 1351 3001 Philotimo,

145 3026 176 3077 da
197 3027 368 3078 admonitione
389 3027 476 3088 Attici,
501 3028 531 3078 de
554 3027 591 3076 hi.
620 3027 720 3078 Octavii
741 3028 880 3092 postulatis,
910 3029 940 3077 de
968 3027 1054 3090 Lepta,
1078 3027 1109 3075 de
1131 3024 1208 3074 filiola
1229 3023 1308 3073 Attici
1329 3028 1355 3073 ct

146 3108 220 3159 Pilia.
255 3108 311 3159 Iam
330 3109 438 3159 breviter
456 3109 587 3173 respondet
606 3110 637 3159 ad
656 3109 784 3173 epistolam
800 3109 931 3173 qnamdam
950 3107 1069 3158 minorem
1083 3107 1114 3156 de
1128 3105 1214 3155 multis
1230 3105 1355 3170 variisque

145 3190 219 3240 rebus
229 3196 256 3241 ct
266 3190 417 3241 bominibus.
451 3190 559 3240 Litteras
569 3190 648 3241 Attici
663 3191 700 3241 ait
715 3206 741 3240 se
757 3197 906 3253 exspectare,
925 3190 956 3239 ds
972 3189 1083 3249 Caesare,
1101 3189 1131 3237 dc
1142 3187 1266 3249 Pompeio,
1280 3187 1311 3236 da
1322 3186 1353 3235 P.

145 3269 225 3323 vadio
235 3271 339 3337 musque
349 3272 516 3323 deversatione
527 3273 593 3336 apud
604 3271 749 3335 Pompeium
759 3271 907 3321 Vindullum
918 3270 1060 3329 Laodiceae,
1073 3270 1103 3319 de
1114 3274 1273 3319 monumento
1280 3267 1355 3332 Appii

146 3351 275 3415 munna,
299 3354 330 3403 dc
350 3359 511 3403 monumento
532 3354 598 3418 quod
619 3353 659 3403 sui
680 3353 733 3417 ipse
755 3352 817 3403 velit
839 3368 891 3403 esse
910 3351 1025 3402 Athenis.
1074 3351 1171 3413 Scripta
1193 3349 1297 3413 epistola
1318 3356 1356 3400 est

148 3433 286 3486 laodiceae
296 3451 319 3484 a.
332 3435 357 3484 d.
370 3434 417 3484 vl.
429 3434 487 3484 Kal.
500 3434 612 3485 Martias.

563 3581 694 3638 CICERO
712 3581 845 3637 ATTICO
863 3580 941 3636 SAL.

213 3716 246 3782 1.
269 3715 390 3801 Accepi
404 3721 478 3780 tuas
491 3715 617 3780 litteras
632 3738 660 3781 a.
678 3714 709 3779 d.
726 3737 756 3780 v.
773 3711 973 3779 Terminalia
987 3709 1177 3787 Laodiceae,
1193 3729 1273 3793 quas
1287 3707 1353 3793 lagi
1420 3806 1423 3813 Ι

149 3814 370 3896 libentissima,
393 3817 595 3904 plenissimas
618 3817 745 3896 amoris,
773 3811 996 3896 humanitatis,
1023 3814 1128 3892 officii,
1154 3810 1353 3898 diligentiae.

178 3982 217 4031 Π.
230 3980 362 4046 Laenium]
395 3995 433 4043 cp.
446 3980 517 4028 Fam.
533 3978 585 4027 xiv.
603 3983 627 4036 4,
638 3981 662 4038 2,
675 3977 722 4041 Ep.
812 3979 837 4026 2.
854 3977 896 4036 aia,
910 3973 955 4089 arg
986 3978 1028 4024 ‘as
1039 3973 1255 4038 asmcstlyasyou
1266 3972 1356 4022 under-

149 4043 213 4106 ixii„
238 4046 290 4094 Nos
310 4046 441 4094 Brundisii
458 4046 523 4104 apud
544 4045 582 4092 Μ.
607 4044 723 4091 Lueriam
779 4040 937 4104 standloug
955 4039 985 4090 t.’

149 4111 381 4160 Ilarauardiasaiii.
388 4109 493 4170 suimus,
507 4112 585 4157 ciram
598 4110 721 4168 optimam,
813 4123 847 4154 mr
858 4121 918 4165 curn,
931 4106 960 4152 do
970 4104 1026 4170 quo]
1060 4119 1112 4152 auor
1128 4103 1155 4151 da
1172 4118 1223 4151 was
1233 4101 1312 4151 added
1322 4102 1355 4165 by

148 4176 189 4237 qai
204 4177 340 4237 perititiam
351 4175 511 4236 fortunarum
528 4179 552 4221 et
574 4174 663 4232 capitis
685 4174 723 4220 sai
781 4169 925 4219 Lambinus.

146 4241 476 4301 mmaaataemaaxta
489 4238 722 4299 aequoleyisimprc·
813 4236 875 4297 quad
892 4236 937 4281 tibi
957 4270 963 4282 .
980 4270 1007 4282 ..
1031 4230 1109 4297 dicas]
1144 4231 1210 4279 ‘and
1227 4231 1284 4294 give
1303 4228 1358 4279 him

149 4302 258 4355 diesim
265 4319 342 4366 paena
352 4305 463 4353 deductus
471 4308 505 4350 est
512 4304 636 4364 quominus
645 4302 724 4361 iaspi-
781 4315 831 4362 any
842 4297 928 4348 advice
940 4312 990 4362 you
1001 4297 1075 4347 think
1086 4311 1135 4362 you
1146 4295 1222 4360 fairly
1233 4297 1297 4345 can.¹

150 4370 182 4418 tii
191 4375 215 4419 rt
225 4370 347 4418 amicitias
363 4370 401 4417 ius
417 4368 561 4429 officiumque
568 4372 703 4428 praestaret
715 4382 724 4413 :

150 4447 188 4497 qr.
201 4432 268 4485 sat.
282 4436 337 4492 131,
349 4432 434 4483 Plana.
449 4434 489 4484 97.
818 4433 840 4478 l.
862 4425 1020 4492 Tsrmiaaiia]
1054 4425 1108 4476 The
1134 4426 1283 4474 Terminalia
1297 4423 1356 4474 took
