2956 4866
437 359 1040 444 cccxxxr11.(ssuxr1⁷.5).
1273 360 1339 427 249

136 533 178 600 de
192 531 375 615 Dolabella,
389 532 573 621 perscribes,
589 535 629 600 de
643 555 678 600 re
692 531 831 620 publica,
848 555 946 620 quam
964 535 1135 620 praevideo
1149 534 1185 600 in
1206 533 1341 601 summis

136 636 297 724 periculis,
319 637 360 704 de
382 637 574 718 censoribus,
595 637 799 722 maximeque
829 638 870 703 de
892 638 1003 724 signis,
1025 638 1146 704 tabulis
1171 638 1251 724 quid
1271 638 1340 717 fiat,

135 740 347 807 reseraturus.
394 741 509 807 Idibus
531 740 660 807 Octobr.
676 741 735 806 bas
755 740 830 806 dedi
848 741 983 821 litteras,
999 764 1062 827 quo
1082 743 1144 822 die,
1160 747 1198 807 ut
1220 740 1341 821 scribis,

137 840 255 911 ansar
266 844 466 910 Placentiam
480 844 624 931 legiones
638 846 800 930 quattuor.
846 844 983 925 Quaeso,
993 844 1074 930 quid
1087 842 1178 911 nobis
1192 844 1341 910 futurum

136 946 214 1014 sstP
257 946 302 1013 In
316 971 388 1015 arce
402 948 543 1014 Athenis
557 949 653 1016 statio
668 970 741 1015 mes
754 970 842 1013 nuno
857 948 972 1034 placet.

136 1363 403 1435 OOLXXXIII.
465 1365 635 1435 OIOERO
677 1366 736 1435 TO
778 1366 1025 1435 TERENTIA
1057 1366 1159 1450 (Ean.
1192 1387 1264 1432 xrv.
1299 1369 1337 1451 s).

239 1595 271 1642 A.
280 1596 314 1640 D.
330 1596 387 1640 XV.
404 1596 486 1641 KAL·
502 1597 605 1655 dbold-3
628 1597 660 1642 Δ.
676 1596 711 1642 U·
728 1596 756 1641 0·
773 1593 842 1649 7043
866 1597 898 1641 B.
914 1596 941 1642 0.
958 1596 1010 1654 603
1033 1595 1109 1641 Anu.
1125 1595 1186 1640 010.
1203 1594 1244 1642 ⁵6.

184 1775 224 1828 lt.
242 1776 328 1830 Cicero
349 1778 480 1830 Terentiae
501 1785 527 1830 et
547 1779 656 1829 reditum
677 1794 691 1829 e
709 1776 798 1829 Cilicia
816 1777 944 1842 provincia
960 1783 986 1829 et
1004 1794 1031 1828 se
1047 1793 1132 1829 omnes
1149 1776 1202 1828 eius
1226 1775 1342 1840 epistolss

133 1859 258 1924 accepisse
270 1877 325 1911 cnm
336 1861 433 1912 actione
443 1862 579 1926 gratiamur
595 1860 710 1912 nuntiat:
729 1861 853 1926 significat
872 1860 927 1919 sibi,
948 1860 970 1910 si
990 1876 1064 1927 quam
1079 1860 1222 1926 longissime
1232 1860 1263 1910 ob
1274 1859 1341 1909 viam

133 1941 232 2004 veniat,
244 1947 344 2006 gratum
353 1943 422 1993 iore:
440 1943 585 1994 hereditatis
595 1943 728 1994 Precianae
739 1959 824 1994 curam
834 1943 975 1993 demandat.

429 2140 588 2197 TULLIUS
606 2142 633 2196 S.
652 2142 688 2196 D.
706 2140 919 2196 TERENTIAE
938 2139 1043 2195 SUAE.

202 2287 234 2353 1.
258 2285 294 2353 si
308 2290 346 2353 tu
360 2290 394 2353 et
405 2286 524 2368 Tullia,
538 2287 598 2353 lux
613 2292 733 2369 nostra,
749 2287 873 2369 valetis,
889 2309 950 2375 ego
965 2290 998 2353 et
1012 2287 1220 2353 suavissimus
1231 2285 1343 2353 Cicero

136 2389 293 2457 valemus.
352 2389 464 2457 Pridie
498 2390 581 2457 Idus
613 2391 767 2458 Octobres
795 2392 943 2458 Athenas
971 2392 1129 2471 venimus,
1163 2413 1235 2457 cum
1266 2412 1342 2457 sane

136 2494 281 2561 sdversis
295 2495 400 2560 ventis
414 2494 465 2560 usi
479 2517 620 2560 essemus
639 2496 794 2581 tardeque
814 2500 847 2561 et
868 2495 1068 2561 incommode
1087 2494 1339 2580 navigassemus.

135 2594 188 2663 De
203 2620 287 2665 nave
301 2598 494 2664 exeuntibus
508 2598 602 2665 nobis
616 2598 756 2665 Acastus
776 2621 849 2664 cum
870 2598 988 2664 litteris
1007 2603 1134 2684 praesto
1149 2598 1214 2664 fuit
1228 2620 1294 2664 uno
1309 2601 1342 2663 et

135 2701 309 2769 vicensimo
324 2702 388 2784 die,
404 2724 480 2768 sane
495 2707 634 2769 strenue.
665 2701 786 2788 Accepi
794 2707 868 2768 tuas
878 2703 1012 2781 litteras,
1025 2702 1143 2787 quibus
1150 2701 1298 2768 intellexi
1308 2706 1343 2768 te

134 2805 238 2871 vereri
249 2828 290 2871 ne
301 2806 479 2892 superiores
492 2805 574 2871 mihi
584 2806 730 2872 redditae
745 2829 812 2871 non
827 2809 943 2872 essent.
974 2806 1094 2871 Omnes
1109 2808 1185 2870 sunt
1195 2804 1342 2871 redditae

134 2907 447 2996 diligentissimeque
468 2932 488 2975 a
511 2914 544 2975 te
565 2910 740 2996 perscripta
762 2915 839 2975 sunt
861 2908 970 2974 omnia
985 2909 1083 2993 idque
1099 2907 1182 2973 mihi
1196 2906 1340 2993 patieu-

134 3032 226 3078 mum
240 3013 315 3079 fuit.
359 3012 477 3098 Neque
497 3035 569 3079 sum
588 3013 766 3079 admiratus
787 3012 872 3078 hano
894 3013 1070 3098 epistolam,
1089 3034 1188 3098 quam
1201 3009 1343 3077 Acastus

134 3114 259 3196 attulit,
274 3114 404 3182 brevem
415 3115 535 3182 fuisse:
558 3116 624 3181 iarn
638 3116 725 3182 enirn
739 3116 913 3202 meipsum
928 3119 1090 3201 exspectas
1101 3115 1167 3181 sive
1178 3114 1339 3201 nosipsos,

134 3217 335 3304 quiquidem
349 3241 447 3305 quam
462 3220 604 3305 primurn
618 3221 662 3286 ad
672 3242 728 3285 vos
739 3221 848 3287 venire
863 3219 1019 3306 cupimus,
1035 3219 1094 3284 etsi
1109 3219 1145 3284 in
1159 3240 1258 3303 quam
1271 3239 1340 3284 rem

133 3320 300 3408 publicam
314 3323 484 3389 veniamus
501 3323 666 3410 intellego.
711 3312 858 3411 Oogdovi
874 3325 962 3389 enim
977 3346 1017 3389 ex
1031 3323 1208 3388 multorum
1224 3321 1339 3387 amico·

132 3447 208 3491 rum
224 3426 351 3507 litteris,
368 3449 448 3512 quas
467 3427 580 3492 attulit
593 3425 744 3508 Acastus,
769 3428 811 3492 ad
832 3449 922 3493 arma
941 3449 1010 3492 rem
1029 3430 1181 3512 spectare,
1196 3429 1234 3490 ut
1248 3425 1342 3506 mihi,

135 3551 211 3596 oum
232 3552 361 3613 venero,
379 3531 580 3597 dissimulare
604 3553 671 3597 non
690 3531 786 3598 liceat
809 3532 888 3617 quid
909 3531 1056 3597 sentiam.
1101 3529 1166 3596 Sed
1188 3529 1340 3616 quoniam

166 3719 192 3768 3.
209 3718 374 3782 reseraturus]
421 3717 489 3767 ‘will
510 3717 553 3769 the
575 3723 665 3770 matter
685 3720 716 3771 be
764 3718 1015 3784 Ju1y30,704(50);
1033 3717 1065 3768 be
1076 3717 1118 3768 did
1128 3722 1173 3768 not
1183 3717 1344 3770 entcrllome

132 3780 244 3848 brought
251 3782 336 3833 before
343 3784 387 3832 tbe
398 3781 521 3832 Senate'l
554 3783 608 3834 The
618 3800 716 3835 censore
763 3785 828 3834 until
840 3786 882 3834 tbe
893 3786 941 3834 end
952 3787 980 3834 of
987 3784 1030 3834 the
1042 3799 1102 3848 year
1112 3784 1157 3836 707
1165 3784 1226 3848 (47),
1240 3784 1343 3834 because

131 3848 230 3923 Appius
238 3847 356 3897 Claudius
363 3846 469 3896 Pulcher
475 3848 524 3897 aud
532 3849 715 3912 L.Oalpurnins
764 3849 796 3898 he
807 3849 890 3899 would
907 3849 967 3898 then
983 3848 1047 3898 have
1067 3848 1129 3898 been
1145 3848 1244 3913 obliged
1258 3857 1284 3899 to
1299 3849 1342 3924 lup

133 3910 193 3962 Prso
206 3912 257 3962 had
271 3912 360 3962 affixed
374 3927 390 3961 a
406 3912 472 3961 limit
488 3913 515 3961 in
529 3913 594 3963 their
609 3914 673 3963 edict
688 3920 714 3964 to
764 3915 837 3963 down
853 3914 893 3963 his
907 3916 1042 3974 imperium,
1060 3915 1109 3963 and
1126 3913 1185 3963 thus
1203 3912 1287 3978 resign
1302 3913 1343 3964 lns

132 3976 177 4026 tbe
187 3986 292 4027 amount
301 3983 328 4027 to
339 3977 369 4027 be
380 3984 451 4040 spent
462 3976 495 4042 by
507 3978 602 4040 private
613 3994 714 4041 persons
764 3978 837 4029 claim
847 3985 873 4029 to
884 3994 899 4028 u
909 3978 1028 4042 triumph.

132 4056 166 4091 on
177 4043 260 4092 works
274 4043 303 4092 of
314 4048 360 4092 art
395 4041 456 4090 This
469 4059 494 4091 rc
513 4043 583 4091 uired
593 4043 636 4093 the
652 4058 711 4093 con·

132 4105 259 4157 firmation
269 4107 297 4157 oi
307 4107 350 4157 the
363 4107 453 4157 Senats
464 4060 600 4158 tobeoome
610 4107 668 4158 lav.
797 4111 820 4157 1.
837 4106 907 4221 sice}
917 4107 967 4157 For
977 4105 1027 4157 this
1038 4122 1082 4156 usa
1093 4106 1122 4157 of
1131 4108 1179 4156 risa
1189 4105 1217 4156 in
1225 4122 1241 4157 a
1248 4122 1340 4158 correo·

167 4173 267 4235 legiones
282 4179 395 4234 quattuor
452 4188 487 4221 so.
517 4175 632 4221 dsuetum
648 4178 709 4222 erat
761 4171 816 4222 tion
831 4189 870 4237 op.
908 4177 939 4221 tt.
952 4171 987 4221 vi.
1002 4175 1024 4232 2,
1039 4175 1062 4232 2,
1081 4171 1129 4235 Ep.
1143 4172 1232 4232 cclvi.;
1251 4172 1308 4222 Liv.
1320 4171 1338 4223 i.

134 4233 195 4285 This
206 4253 309 4286 rnmour
317 4170 407 4286 turned
417 4242 462 4285 out
472 4241 498 4285 to
508 4236 539 4286 be
551 4237 620 4287 sulse.
763 4239 787 4298 3,
807 4241 830 4298 3,
851 4238 973 4286 Ascanius
991 4236 1070 4284 scr-dem
1088 4240 1161 4285 matri
1175 4252 1217 4284 ssu
1231 4252 1343 4287 nweroae

164 4301 252 4367 statio]
298 4305 360 4366 ‘my
381 4301 512 4364 quarters'
526 4318 533 4359 ς
562 4302 594 4351 bs
615 4302 675 4351 used
696 4316 712 4351 a
762 4304 880 4364 reliqui&
896 4302 942 4350 but
956 4302 977 4350 it
991 4301 1099 4365 generall
1128 4301 1173 4351 bas
1183 4305 1267 4362 potius
1277 4301 1340 4352 vids

132 4363 245 4432 military
255 4372 318 4416 term
328 4366 432 4416 beram
447 4365 478 4415 be
490 4368 512 4415 is
528 4366 581 4416 still
595 4383 647 4415 eum
664 4369 710 4416 ien-
761 4366 798 4417 it:
812 4383 851 4430 cp.
862 4369 915 4416 Att.
925 4366 981 4416 viii.
995 4369 1018 4426 3,
1033 4369 1057 4416 3.
1112 4366 1178 4416 icero
1188 4370 1293 4416 correcte
1303 4383 1341 4416 me

126 4431 208 4493 perio.
242 4430 351 4482 cieem’s
365 4446 425 4496 year
440 4430 468 4482 of
481 4431 551 4483 office
567 4431 668 4496 expired
679 4447 712 4482 on
761 4436 788 4481 to
799 4448 849 4492 nos,
861 4431 966 4482 because
976 4430 1008 4480 he
1018 4430 1068 4481 bad
1078 4430 1118 4481 his
1128 4447 1173 4481 son
1184 4431 1247 4481 with
1257 4430 1318 4482 him.
