2956 4866
135 344 198 410 190
510 340 595 407 coa
603 342 662 406 vr.
688 341 805 423 (arr.
836 341 894 409 vr.
917 341 965 427 a).

134 539 227 582 mus:
251 516 299 583 ita
312 515 435 581 multae
449 514 594 580 civitates
609 514 698 579 omni
719 536 791 580 aere
805 514 911 581 alieno
926 514 1091 595 liberatae,
1106 515 1230 583 multae
1242 516 1334 587 valde

133 620 259 685 levatae
288 623 385 685 sunt:
420 639 530 683 omnes
560 617 626 682 suis
654 615 781 704 legibus
809 622 843 684 et
871 618 1000 685 iudiciis
1028 640 1116 700 usae,
1145 621 1334 703 αὐτονομίαν

134 724 281 809 adeptae,
298 722 495 789 revixerunt.
540 720 607 786 His
625 743 686 807 ego
709 720 834 787 duobus
852 720 1025 808 generibus
1039 721 1230 789 faosdtatem
1249 724 1292 790 ad
1304 746 1337 793 ss

134 849 206 892 aere
221 826 326 892 alieno
340 824 524 891 liberandas
539 829 596 889 aut
611 824 765 891 levandas
785 825 870 905 dedi,
885 847 962 905 uno,
978 828 1066 911 quod
1079 826 1214 892 omnino
1227 826 1337 897 nullus

133 930 168 994 in
182 929 317 1014 imperio
331 950 403 994 meo
418 933 565 1013 sumptus
580 927 684 992 faotus
704 928 924 995 est-nullum
943 951 1018 996 cum
1039 930 1121 1010 dico,
1143 950 1212 995 non
1227 930 1341 1016 loquor

134 1031 523 1117 humbelinae-nullus,
539 1031 683 1116 inquam,
702 1053 745 1097 ne
765 1032 929 1098 teruncius
944 1033 1086 1118 quidem.
1130 1032 1210 1100 Hac
1232 1037 1335 1103 autam

133 1158 169 1200 re
183 1134 370 1200 incredibile
385 1139 432 1200 est
441 1139 600 1220 quantum
615 1134 760 1202 civitates
774 1135 971 1201 emerserint.
1017 1136 1049 1200 5.
1064 1135 1212 1203 Accessit
1227 1136 1336 1204 altars.

133 1238 221 1304 Mira
243 1245 335 1305 erant
356 1240 391 1303 in
414 1237 600 1303 civitatibus
621 1238 765 1324 ipsorum
785 1238 875 1305 furta
894 1238 1101 1318 Grasoorum,
1119 1261 1204 1327 quae
1218 1240 1339 1327 magis·

133 1348 236 1408 tratas
251 1341 302 1407 sui
317 1342 470 1408 fecerant.
508 1341 663 1413 Quaesivi
677 1342 745 1428 ipse
760 1343 801 1408 de
815 1342 865 1423 iis,
881 1343 938 1428 qui
952 1343 1047 1408 annis
1061 1344 1172 1409 decem
1183 1342 1340 1429 proximis

133 1447 361 1532 magist-ratum
385 1449 561 1531 gesserant.
617 1444 741 1530 Aperte
770 1445 967 1512 fatebantur.
1024 1443 1144 1530 Itaque
1173 1446 1246 1511 sine
1274 1446 1352 1513 ulls

133 1549 313 1635 ignominia
349 1547 414 1613 suis
450 1549 571 1623 umeris
606 1548 759 1634 pecunias
795 1548 925 1635 populis
960 1548 1168 1615 rettulerunt.
1221 1548 1338 1637 Populi

133 1658 242 1717 autem
263 1652 354 1716 nullo
376 1652 501 1736 gemitu
522 1650 711 1736 publicanis,
734 1651 851 1736 quibas
873 1651 933 1717 hoc
955 1652 1024 1737 ipso
1047 1652 1149 1719 lustro
1170 1651 1258 1719 nihil
1279 1653 1340 1720 sal·

133 1759 256 1834 verant,
273 1757 372 1821 etiam
387 1754 558 1840 superioris
573 1753 668 1820 lustri
690 1758 806 1837 reliqua
827 1756 1049 1821 reddiderunt.
1094 1754 1215 1842 Itaque
1233 1754 1339 1843 publi·

134 1859 221 1925 oanis
245 1859 280 1924 in
304 1859 404 1923 oculis
429 1880 549 1923 sumus.
596 1857 715 1938 Gratis,
741 1858 860 1944 inquis,
886 1858 983 1924 viris!
1037 1858 1214 1924 Sensimus.
1267 1858 1340 1927 Iam

133 1969 237 2029 cetera
251 1962 330 2027 iuris
351 1960 449 2026 dictio
470 1983 530 2026 neo
551 1961 702 2048 imperita
725 1966 758 2027 et
779 1962 918 2027 clemens
940 1984 1013 2026 oum
1035 1961 1222 2028 admirabili
1236 1962 1339 2029 facili·

134 2071 210 2133 tcte.
254 2066 377 2133 Aditus
399 2069 509 2131 autem
533 2066 575 2130 ad
596 2087 648 2131 me
668 2064 803 2131 minime
824 2065 1056 2151 provinciales:
1078 2065 1163 2131 nihil
1177 2088 1236 2152 per
1251 2065 1340 2133 aubi·

134 2171 310 2236 cularium:
346 2173 421 2234 ante
446 2168 551 2234 lucem
577 2167 819 2234 inambulabam
848 2167 948 2247 domi,
976 2172 1015 2233 ut
1036 2168 1115 2234 olim
1136 2170 1338 2237 candidatus

120 2274 238 2340 'Grata
262 2273 341 2339 haec
364 2276 398 2337 et
422 2292 543 2358 magna
564 2270 708 2357 mihique
738 2272 885 2336 nondum
910 2269 1070 2337 laboriosa
1090 2294 1132 2337 ex
1152 2272 1212 2338 illa
1233 2277 1346 2351 ‚vetere

132 2377 262 2443 militia.
308 2378 339 2440 6.
362 2374 469 2440 Nonis
483 2373 582 2440 Maiis
603 2373 639 2439 in
659 2373 807 2439 Ciliciam
828 2372 1029 2461 cogitabam:
1052 2373 1188 2440 ibicum
1203 2374 1342 2443 Iunium

133 2501 275 2545 mensem
302 2478 707 2563 consumpsissem-atque
731 2477 858 2543 utinam
882 2477 918 2541 in
943 2478 1043 2563 paool
1070 2499 1233 2564 magnum
1252 2478 1344 2545 enirn

132 2581 255 2648 bellum
269 2582 435 2667 impendet
450 2579 852 2651 aParthis-Quinotilem
867 2580 902 2645 in
917 2579 1025 2645 reditu
1039 2590 1172 2666 ponere:
1197 2580 1345 2647 Annuae

133 2687 222 2752 enim
236 2686 318 2750 mihi
333 2708 447 2770 operae
463 2707 491 2749 a.
509 2685 541 2749 d.
559 2706 610 2748 111.
627 2683 705 2749 Kal.
721 2683 836 2749 Sextil.
851 2687 1044 2748 emerentur.
1089 2683 1216 2769 Magna
1231 2688 1344 2751 autam

133 2789 168 2853 in
192 2812 247 2875 spe
270 2811 341 2853 sum
363 2787 444 2852 mihi
466 2787 551 2852 nihil
573 2787 727 2872 temporis
749 2790 959 2873 prorogatum
975 2786 1025 2851 iri.
1071 2785 1247 2853 Habebam
1270 2793 1347 2854 acta

134 2891 258 2957 urbana
273 2914 375 2978 usque
398 2892 440 2956 ad
462 2890 577 2956 Nonas
598 2891 745 2968 Martias,
768 2913 786 2955 e
807 2888 925 2975 quibus
946 2889 1175 2976 intellegebam
1191 2889 1349 2957 Curionis

133 2995 236 3061 nostri
250 2994 431 3060 constantia
444 2994 553 3060 omnia
566 2994 674 3079 potius
689 2999 797 3060 actum
812 2993 853 3058 iri
865 2994 1012 3079 quamde
1022 2994 1204 3078 provinciis.
1238 2993 1348 3082 Ergo,

166 3183 254 3231 dreolms
273 3179 408 3245 ymerium]
444 3186 510 3229 ‘tvo
531 3180 634 3245 vaya';
659 3182 715 3246 just
795 3183 822 3228 in
841 3182 915 3229 oculte
931 3180 1024 3246 samar]
1059 3178 1090 3227 ‘I
1107 3195 1148 3230 am
1166 3179 1210 3231 the
1225 3181 1304 3245 appla
1319 3182 1351 3232 ai

133 3247 177 3297 the
195 3262 269 3304 same,
282 3244 377 3309 though
388 3244 478 3309 hardly
491 3250 517 3294 to
533 3246 565 3295 be
578 3245 714 3309 Englished
762 3245 828 3295 their
838 3246 903 3309 eye.’

133 3312 168 3376 by
185 3312 229 3361 the
251 3326 318 3360 sama
340 3312 416 3369 word,
439 3310 461 3358 is
483 3311 571 3358 duobus
607 3312 714 3359 aaerilm
793 3314 873 3372 yratie
886 3347 892 3359 .
907 3346 914 3358 .
928 3346 935 3358 .
948 3308 1074 3374 ursimus]
1107 3308 1220 3360 ironiam.
1256 3309 1354 3361 Cicero

134 3327 712 3437 aiaraamparaatnttyi.1,15,bp.eelii.
762 3373 812 3423 had
829 3374 876 3424 felt
893 3374 937 3423 the
957 3373 1109 3438 ingratitudo
1130 3376 1159 3423 of
1177 3375 1221 3424 the
1240 3376 1347 3439 &uites

166 3444 193 3489 ia
211 3443 311 3501 impeto
328 3440 388 3504 areo]
423 3439 486 3488 Boot
502 3439 592 3488 strikes
608 3445 653 3489 out
670 3439 714 3489 tha
763 3439 836 3488 when
848 3441 992 3502 persecuted
1002 3439 1038 3504 by
1050 3438 1159 3489 Clodius.

135 3509 169 3567 ia,
187 3505 291 3569 holding
306 3503 362 3553 that
377 3504 420 3552 tba
431 3504 489 3564 dat,
508 3519 536 3552 or
552 3520 633 3554 accus.
651 3503 713 3553 with
795 3519 836 3551 aee
858 3506 972 3565 {superisa
988 3540 994 3553 .
1009 3539 1016 3552 .
1032 3540 1039 3552 .
1049 3502 1186 3569 facilitate]
1215 3504 1346 3568 ‘ealight·

134 3574 169 3631 ia,
187 3570 209 3619 ia
226 3569 347 3634 required,
362 3569 412 3618 and
428 3569 554 3632 evidently
571 3568 714 3632 construing
762 3570 833 3628 ened,
844 3575 886 3632 yet
895 3567 957 3617 mild
967 3568 1017 3616 and
1023 3575 1153 3618 courteous
1163 3575 1190 3618 to
1200 3584 1215 3618 a
1225 3569 1345 3619 marvel)

136 3640 197 3684 ‘not
207 3651 223 3684 a
232 3634 346 3697 farthing
356 3649 408 3682 vas
421 3639 492 3695 spent
504 3648 535 3682 on
551 3649 593 3697 my
605 3649 711 3697 govem-
794 3633 897 3697 animia]
914 3649 949 3682 se.
956 3634 1060 3694 serena,
1076 3640 1135 3698 ‘my
1142 3633 1183 3683 old
1190 3632 1345 3697 discipline!

133 3700 220 3749 ment!
256 3698 284 3747 If
299 3699 350 3747 this
365 3714 417 3746 aas
432 3698 475 3747 tho
492 3698 543 3746 real
558 3698 713 3811 meaningof
795 3700 818 3745 6.
837 3700 862 3745 ia
877 3700 957 3746 redita
972 3697 1070 3763 ponne]
1105 3705 1146 3747 ‘to
1160 3698 1238 3761 spond
1255 3714 1290 3748 on
1301 3715 1346 3765 my

134 3766 176 3814 tho
193 3763 273 3813 words
287 3762 331 3812 the
348 3766 374 3810 in
392 3762 465 3812 could
479 3768 523 3811 not
544 3764 625 3811 stand.
683 3769 711 3812 ut
761 3761 867 3811 return!

135 3831 161 3877 ia
175 3832 276 3889 taiperto
293 3844 341 3876 meo
362 3843 447 3876 means
469 3842 505 3874 me
526 3827 643 3875 obtinetur
654 3844 709 3889 pro·
794 3825 938 3892 sererentur]
974 3830 981 3853 ‘
992 3843 1023 3876 on
1035 3827 1051 3876 J
1055 3826 1099 3890 uly
1110 3829 1141 3875 30
1154 3826 1166 3876 Ι
1179 3826 1244 3876 have
1255 3828 1345 3878 served

134 3897 246 3943 arrasam.
760 3906 805 3954 my
817 3891 897 3940 time!
933 3893 1044 3940 Ernerore
1058 3891 1080 3940 is
1096 3891 1177 3940 active
1193 3891 1221 3940 in
1236 3891 1343 3943 Cieera:

167 3961 191 4006 5.
209 3955 378 4022 rnayistratas]
416 3955 477 4005 This
502 3955 525 4004 is
548 3955 709 4019 explanatory
760 3959 865 4005 seeAtt.
878 3955 913 4005 vi.
927 3958 951 4015 b,
966 3959 988 4016 3,
1003 3956 1051 4018 Ep.
1064 3955 1153 4005 cclxix.

133 4022 161 4072 oi
176 4022 220 4072 the
236 4020 366 4085 foregoing
384 4020 473 4082 clauae,
499 4025 505 4049 ‘
531 4020 666 4070 conlatione
683 4020 711 4070 of
795 4020 918 4086 curonis]
932 4019 1108 4070 Whoinsisted
1116 4019 1345 4073 thetiftheuallie

133 4087 176 4136 tha
198 4087 291 4136 Greeks
316 4085 479 4135 themselves:
504 4036 530 4134 1p
545 4101 618 4134 mean
643 4100 709 4136 oom-
760 4084 949 4159 goyernorships
963 4101 1028 4134 wera
1041 4085 1111 4159 tobc
1124 4084 1192 4135 filled
1207 4101 1251 4149 up,
1268 4086 1343 4136 Porn-

134 4152 221 4201 mitted
232 4152 267 4215 by
277 4149 344 4200 their
354 4166 411 4200 own
421 4149 595 4213 magistrates!
761 4165 832 4212 perus
842 4150 932 4199 should
942 4150 994 4200 also
1009 4166 1090 4213 resrga
1101 4148 1142 4198 his
1152 4148 1343 4214 Italo-Spanish

166 4215 309 4279 tyrroaa'm'a]
341 4214 496 4277 ‘exposura’
510 4214 623 4264 Watson.
762 4215 899 4264 command.
918 4214 1146 4265 Curioannounced
1157 4213 1345 4266 thathevvauld

200 4284 204 4292 .
301 4283 306 4292 .
367 4284 374 4307 ,
624 4278 630 4289 .
975 4279 980 4289 .
1162 4278 1168 4289 .
1294 4281 1300 4291 .

132 4278 712 4408 ..aba.²:.”dtl...h⁰.ltdt3httt.⁰tl
762 4280 1045 4418 stulttftrtltt
1058 4279 1350 4408 lffiilffiadone'ldmd

165 4408 271 4476 reliqua]
307 4410 437 4459 ‘stream'
761 4407 813 4458 hun
830 4409 859 4459 of
872 4408 954 4472 right:
974 4408 1077 4460 Momm.
1094 4410 1127 4459 n.
1145 4411 1182 4459 Π.
1200 4407 1236 4459 iv.
1256 4411 1315 4461 ³54.
