2956 4866
136 347 200 411 114
460 340 589 411 OOXX
596 345 696 413 VIII.
723 344 841 430 (ΑΤΤ.
872 345 911 412 V.
932 346 999 423 20).

134 525 244 586 tamen
264 519 463 585 adolescente
473 523 506 584 et
521 517 760 602 gratiosissimo,
769 536 864 584 'nuno
877 541 898 584 a
910 517 1041 585 tribuno
1054 518 1099 606 pl.
1111 521 1146 585 ei
1160 542 1181 585 a
1195 516 1339 585 &riona

135 622 287 688 tribuno:
309 645 375 688 non
399 628 436 687 ut
458 622 648 687 decernatur
673 621 798 705 aliquid
823 621 1029 708 novi-quod
1052 621 1135 688 solet
1160 643 1231 689 esso
1252 621 1338 689 diffl-

135 726 327 792 oilius-sed
341 729 378 790 ut
393 747 434 791 ne
449 725 528 810 quid
551 725 628 790 novi
641 725 841 805 decernatur,
863 728 902 790 ut
916 729 949 790 et
971 725 1075 792 senati
1097 724 1284 793 consultum
1305 729 1339 793 a

135 829 224 915 leges
245 829 400 894 defendas
422 850 522 913 eaque
545 827 628 893 mihi
653 828 796 894 condicio
817 831 958 908 maneat,
982 850 1047 914 que
1067 827 1233 915 proiectam
1253 850 1337 895 sum

135 931 210 998 Hoc
224 938 256 998 te
271 931 475 998 vehementer
490 932 589 997 etiam
603 934 700 1017 atque
714 931 813 998 etiam
825 952 916 1018 rogo.

325 1375 554 1445 ecxxvm.
600 1374 659 1442 ΤΟ
681 1373 883 1442 ATTIOUS
908 1374 1004 1460 (Aru.
1028 1397 1062 1441 v.
1086 1378 1144 1462 ao).

430 1603 461 1644 s.
478 1600 512 1644 o.
529 1599 556 1645 ο.
572 1595 642 1658 70³3
665 1600 696 1643 n.
714 1599 740 1643 ο.
757 1599 810 1658 a1;
834 1599 907 1644 aar.
924 1599 984 1644 cre.
1001 1598 1043 1647 ee.

181 1776 218 1825 M.
232 1776 317 1827 Cicero
327 1775 411 1826 Attico
421 1792 460 1826 res
476 1791 492 1825 a
502 1792 528 1826 se
538 1775 566 1826 in
578 1774 666 1826 Cilicia
676 1781 758 1839 gesna
768 1778 795 1824 et
809 1772 917 1823 maxime
932 1772 1073 1824 Pindenissi
1086 1772 1172 1838 oppidi
1185 1772 1335 1826 Eleuthero-

132 1857 231 1908 cilicum
242 1857 400 1907 munitissimi
411 1857 620 1922 expugnetionem
630 1856 740 1921 exponit.
773 1855 851 1906 Addit
861 1855 891 1906 de
902 1855 1052 1906 abstinentia
1062 1871 1116 1920 sua,
1126 1856 1157 1906 do
1168 1856 1338 1909 Arionem

131 1955 177 1989 sun
187 1955 261 2003 opere
276 1955 380 2003 regnum
395 1938 530 2001 obtinente,
543 1940 574 1988 do
585 1938 663 1988 Bruto
674 1954 689 1987 a
700 1953 726 1988 se
742 1937 857 1999 excitato,
871 1938 902 1987 do
917 1936 1008 1986 litteris
1024 1936 1128 1987 Romam
1143 1936 1246 2002 publice
1256 1937 1337 1988 dehis

131 2020 205 2071 rebus
222 2021 297 2084 gestis
317 2019 450 2080 mittendis,
471 2019 502 2068 de
520 2025 589 2068 metu
606 2035 639 2068 ne
657 2018 705 2068 sibi
723 2018 851 2082 provincia
867 2024 1019 2083 prorogetur,
1040 2018 1071 2069 de
1088 2018 1164 2069 rebus
1177 2017 1290 2079 urbanis,
1306 2018 1338 2069 de

132 2100 222 2166 quibua
238 2100 352 2151 omnibus
368 2115 411 2163 per
426 2099 588 2163 Philogenem
602 2099 719 2149 libertum
735 2099 814 2150 Attici
824 2099 952 2150 certiorem
966 2115 992 2149 se
1004 2098 1101 2149 factum
1117 2099 1210 2159 scribit,
1228 2100 1288 2150 dein
1305 2100 1338 2151 ds

132 2184 205 2232 rebus
215 2181 380 2232 familiaribus
390 2196 419 2231 ec
435 2180 583 2231 domesticis.
624 2180 722 2245 Scripta
732 2180 835 2245 epistola
849 2180 924 2231 estin
935 2180 1021 2232 antris
1031 2180 1064 2231 ad
1074 2179 1252 2232 Piudenimum
1261 2180 1337 2234 tertio

133 2263 174 2313 die
185 2262 391 2314 saturnaliorum.

546 2450 678 2506 CICERO
696 2451 827 2506 ATTICO
845 2451 921 2506 SAL.

200 2591 230 2654 1.
254 2586 479 2654 Saturnalibus
493 2610 586 2654 mene
601 2611 634 2654 ee
643 2589 970 2657 mihiPindeniesilae
979 2590 1186 2672 dediderunt,
1195 2591 1335 2677 septimo

134 2699 167 2759 et
189 2692 454 2778 quinquagesimo
480 2693 543 2772 die,
566 2698 737 2778 postquam
759 2716 946 2780 oppugnare
969 2717 1022 2761 eos
1037 2695 1209 2781 coepimus.
1256 2694 1336 2775 Qui,

134 2797 272 2862 malum!
290 2796 344 2861 isti
358 2795 619 2861 Pindenissitae?
635 2797 692 2882 qui
706 2799 807 2863 sunt?
821 2797 963 2883 inquies:
978 2819 1097 2864 nornen
1111 2798 1223 2865 audivi
1239 2820 1336 2865 num·

135 2921 242 2985 quam.
296 2898 386 2970 Quid
410 2919 487 2983 ergo
513 2897 661 2966 faciam?
686 2923 766 2966 num
796 2901 888 2987 potui
913 2899 1060 2967 Ciliciam
1085 2902 1250 2969 Aetoliam
1276 2906 1337 2969 aut

167 3135 183 3167 a
203 3118 297 3166 tribano
312 3118 389 3180 plebis
407 3124 431 3167 et
450 3135 465 3167 a
485 3118 584 3168 Curione
603 3120 709 3184 tribuno]
760 3120 851 3170 atthis
866 3121 927 3170 time
943 3121 1080 3171 celebrated
1096 3119 1156 3170 Dec.
1174 3122 1274 3173 17-19:
1293 3120 1338 3171 the

135 3183 265 3234 Manutius
292 3199 416 3245 compares
437 3183 491 3232 Att.
515 3200 540 3232 v.
565 3186 590 3243 2,
614 3187 637 3242 2,
660 3184 709 3248 Ep.
760 3186 814 3234 first
829 3187 878 3250 day
895 3186 923 3235 of
939 3185 982 3234 the
997 3188 1139 3235 Satramalia
1154 3185 1176 3234 is
1192 3185 1251 3235 hero
1267 3186 1336 3235 indi·

136 3249 246 3309 clxxxv„
259 3264 310 3296 eum
319 3249 464 3296 Hortensius
471 3251 561 3297 veniret
572 3254 595 3296 et
602 3251 712 3311 infirmas
761 3251 844 3309 eatod;
861 3250 904 3300 tho
920 3249 986 3313 siege
1001 3250 1124 3299 therefore
1139 3250 1219 3313 began
1234 3265 1268 3300 on
1286 3250 1336 3300 Oc·

133 3320 157 3362 et
176 3320 225 3361 tarn
245 3315 311 3374 ange
329 3319 352 3360 at
369 3313 527 3373 Horteanius;
545 3312 576 3370 Q.
595 3313 638 3364 Fr.
653 3313 671 3363 i.
687 3318 710 3377 2,
760 3314 830 3364 tober
848 3317 888 3364 21.
922 3315 948 3364 It
965 3321 1030 3363 mint
1048 3315 1079 3363 be
1096 3315 1262 3364 remembsred
1281 3314 1339 3365 that

138 3379 177 3438 1⁵,
195 3377 242 3440 Ep.
257 3377 314 3438 liii,
333 3379 502 3437 rempublicam
512 3379 630 3439 funditus
646 3381 710 3428 ami·
760 3379 844 3429 before
858 3379 902 3429 the
915 3379 1010 3428 Roman
1022 3378 1141 3428 Caleudnr
1151 3395 1202 3428 was
1212 3379 1339 3430 reformed

136 3445 217 3501 simus,
245 3444 301 3490 adea
323 3446 350 3488 ut
376 3444 439 3501 Galo,
464 3444 591 3491 adolescens
618 3446 711 3492 anullini
760 3444 795 3508 by
807 3444 895 3494 Cacsar
905 3443 931 3492 in
941 3445 987 3495 709
1001 3443 1114 3506 (45),the
1122 3444 1226 3493 number
1235 3444 1265 3493 of
1275 3445 1339 3509 days

135 3509 238 3565 concilii,
255 3507 295 3553 aad
309 3513 386 3554 tamen
402 3508 461 3555 dola
479 3509 600 3556 Romanus
614 3515 636 3556 at
654 3511 711 3558 Cato
761 3507 788 3557 in
799 3509 841 3557 the
851 3509 938 3557 mouth
949 3524 1028 3557 were:
1040 3508 1068 3556 in
1076 3507 1172 3569 March,
1183 3508 1252 3573 May,
1263 3508 1337 3574 July.

135 3574 176 3620 nia
186 3573 254 3620 aives
265 3573 382 3633 affligent.
762 3574 874 3633 October,
887 3576 932 3629 31;
950 3572 977 3621 in
992 3572 1054 3621 Feb.
1070 3575 1115 3630 283
1133 3572 1160 3621 in
1176 3573 1210 3622 all
1227 3574 1271 3624 the
1287 3581 1339 3624 rest

168 3634 316 3698 utaequid]
353 3633 710 3699 Utnanisonlyueedincan-
762 3640 801 3686 29.
836 3637 1023 3700 Rememben'ng
1038 3637 1096 3696 this,
1110 3638 1340 3703 andallowingior

135 3703 235 3749 secutiva
245 3705 371 3749 sentences
381 3715 387 3758 ;
406 3706 434 3746 nt
444 3715 473 3747 ns
483 3700 609 3764 generally
619 3701 640 3749 is
645 3703 713 3763 fistal
760 3700 879 3751 inclusive
889 3702 1030 3762 rechoniug,
1044 3718 1082 3751 we
1093 3703 1145 3750 find
1155 3703 1211 3752 that
1221 3703 1264 3753 the
1276 3702 1338 3756 etth

135 3766 174 3828 (as
191 3764 267 3826 here),
291 3763 337 3812 but
355 3765 493 3812 sometimes
510 3764 538 3812 in
556 3766 711 3816 consecutive
760 3767 808 3830 day
819 3766 903 3815 before
914 3765 974 3816 Dec.
989 3771 1017 3818 ll
1029 3766 1051 3815 is
1063 3766 1118 3815 Oet.
1131 3769 1172 3816 21.

136 3830 209 3878 when
220 3828 391 3892 itaprecedes:
404 3844 442 3892 cp.
454 3828 524 3877 Fam.
532 3829 585 3878 xvi.
596 3834 619 3890 9,
630 3834 653 3890 3,
662 3829 710 3893 Ep.
794 3833 843 3893 qai,
857 3830 958 3896 malam]
978 3832 1049 3880 ‘who
1059 3831 1103 3880 the
1113 3830 1209 3894 deuoe,’
1222 3847 1237 3880 a
1248 3831 1339 3895 phrase

135 3894 223 3943 ccxcii.
269 3893 316 3943 See
337 3892 423 3943 Reid’s
444 3892 579 3957 important
604 3901 662 3945 note
685 3902 712 3946 to
761 3895 870 3944 redolent
881 3896 908 3945 oi
918 3896 961 3945 the
971 3896 1048 3944 comio
1058 3902 1136 3959 stege.

135 3959 198 4009 suli.
212 3959 253 4010 ⁴27.
793 3963 853 4022 qnid
862 3960 967 4026 faciant]
990 3960 1122 4010 ‘whatnm
1134 3960 1148 4008 1
1160 3966 1186 4009 to
1201 3960 1251 4010 do?
1269 3959 1339 4024 (isit

168 4022 239 4088 ngas]
273 4019 305 4070 In
322 4021 393 4070 Fam.
410 4038 454 4070 xv.
473 4026 497 4084 9,
510 4026 534 4086 2,
552 4023 601 4087 Ep.
619 4024 709 4074 ccxvii.
760 4040 804 4088 my
814 4025 880 4073 fault
890 4025 945 4074 that
955 4040 1005 4090 you
1021 4041 1096 4074 never
1111 4025 1187 4074 heard
1201 4027 1230 4075 ol
1243 4026 1337 4075 Pindo·

135 4087 221 4139 Gicero
231 4101 286 4135 arses
294 4086 337 4136 the
345 4086 456 4150 singular
463 4089 511 4150 lega
518 4105 529 4147 ,·
540 4089 586 4138 but
591 4089 711 4155 probably
759 4089 840 4139 niseus
851 4089 934 4139 before
940 4091 960 4151 l)
989 4090 1067 4139 Could
1077 4090 1091 4138 I
1102 4089 1166 4139 here
1174 4091 1340 4141 hansiormed

136 4153 179 4203 the
189 4151 272 4215 plural
282 4150 359 4200 refers
369 4154 511 4216 toasingle
521 4154 578 4213 lan,
592 4154 656 4204 asin
667 4154 710 4204 the
761 4154 848 4204 Cilicia
865 4154 919 4204 into
940 4171 972 4204 an
991 4154 1088 4204 Aetolia
1106 4170 1134 4203 or
1156 4154 1337 4205 Macedonial’

153 4217 324 4279 hreselagibus
334 4218 392 4265 colei
408 4218 457 4282 (cp.
474 4217 526 4268 cie.
539 4217 606 4269 Phil.
620 4219 648 4270 ii.
662 4223 709 4280 31;
761 4218 1032 4283 (CouldIhavemade
1048 4219 1135 4269 Cilicia
1149 4236 1176 4268 aa
1190 4218 1301 4270 familiar
1311 4226 1338 4270 to

166 4281 265 4343 erivale‚
278 4281 315 4330 iii
328 4282 396 4346 4⁶7).
760 4300 811 4348 you
833 4300 860 4333 as
876 4284 973 4333 Aetolia
997 4284 1046 4332 and
1073 4283 1248 4349 Macedonial)
1291 4284 1339 4335 See

759 4354 818 4398 note
839 4365 872 4398 on
891 4365 968 4397 oannes
988 4351 1105 4398 Catilinas
1122 4351 1239 4399 Acidinos
1254 4357 1339 4411 paea

171 4413 194 4460 l.
212 4409 395 4476 samnia]
414 4407 468 4462 The
487 4412 630 4463 Saturnalia
646 4429 711 4465 were
760 4416 873 4475 reddidit,
886 4413 940 4464 Aa.
952 4413 986 4464 iv.
999 4416 1023 4476 3,
1037 4416 1060 4475 3,
1074 4414 1122 4478 Ep.
1134 4412 1194 4464 xcii.
