2976 5356
135 803 179 866 46
544 795 631 860 001.
658 792 782 877 (rem
806 795 859 859 H.
884 795 927 879 s).

136 975 289 1054 mitteres,
312 976 345 1038 et
373 993 421 1050 ea,
445 990 528 1055 qnae
552 967 655 1045 nobis,
679 989 754 1032 oum
783 967 908 1034 Romae
936 989 1056 1048 sumus,
1086 991 1217 1035 narrare
1246 990 1341 1035 nemo

136 1078 280 1145 audent?
323 1074 410 1141 Vide
425 1076 584 1159 quantum
603 1071 665 1138 tibi
678 1093 750 1136 meo
769 1071 889 1137 iudicio
903 1071 1147 1138 tribuam-nec
1161 1071 1342 1139 mehemule

136 1181 274 1249 iniuria:
298 1179 542 1261 πολιτικώτερον
565 1174 699 1260 οηὶωζῒο
718 1177 824 1240 adhuc
843 1176 1007 1241 neminem
1026 1176 1162 1262 cognovi
1176 1198 1272 1242 :-ne
1286 1176 1344 1242 illa

138 1287 269 1372 quidem
293 1305 368 1349 curo
398 1279 480 1346 mihi
507 1279 634 1358 scribes,
662 1301 744 1364 qnae
766 1279 917 1344 maximis
940 1279 976 1344 in
998 1279 1094 1346 rebus
1121 1280 1169 1346 rei
1195 1278 1344 1366 publicae

137 1392 296 1477 geruntur
311 1385 436 1462 cotidie,
452 1383 515 1448 nisi
530 1383 610 1468 quid
631 1384 673 1448 ad
688 1406 740 1449 me
755 1383 862 1469 ipsum
875 1382 1059 1469 pertinebit.
1104 1382 1251 1449 Scribent
1267 1383 1342 1449 alii:

137 1493 234 1559 multi
248 1488 469 1557 nuntiabunt:
492 1487 632 1572 perferet
651 1488 756 1552 multa
770 1487 868 1552 etiam
888 1487 958 1571 ipse
979 1508 1098 1553 rumor.
1144 1485 1219 1557 Qua
1233 1509 1269 1552 re
1283 1508 1344 1574 ego

138 1620 197 1664 nee
222 1594 395 1681 praeterita
413 1613 472 1657 neo
491 1591 672 1676 praesentia
695 1589 752 1656 abs
771 1603 813 1671 te,
829 1591 886 1656 sed
907 1595 945 1656 ut
968 1590 1009 1656 ab
1032 1590 1163 1656 homine
1185 1591 1284 1678 longe
1308 1592 1344 1656 in

138 1705 302 1788 posterum
316 1695 529 1782 prospiciente
550 1695 661 1760 futura
682 1698 841 1780 exspecto,
856 1697 904 1774 ut,
920 1716 961 1760 ex
977 1694 1042 1759 tuis
1056 1693 1173 1760 litteris
1189 1717 1263 1760 cum
1278 1694 1345 1760 for·

138 1826 226 1870 mam
237 1802 285 1867 rei
299 1799 446 1885 publicae
457 1797 603 1876 viderim,
614 1798 708 1882 quale
719 1798 900 1864 aedificium
911 1798 1060 1863 futurum
1071 1798 1114 1863 sit
1124 1798 1203 1863 scire
1214 1798 1345 1884 possim.

139 1909 170 1972 2.
194 1906 311 1991 Neque
335 1907 444 1967 tamen
465 1900 571 1966 adhuc
588 1899 691 1967 habeo
713 1903 799 1987 quod
814 1905 847 1967 te
862 1922 1026 1967 accusem:
1050 1924 1155 1986 neque
1176 1901 1265 1966 enim
1281 1901 1348 1967 fuit

139 2011 226 2097 qnod
240 2013 278 2075 tu
293 2008 367 2093 plus
389 2004 557 2091 providere
576 2026 685 2090 posses
707 2027 805 2090 quam
821 2005 927 2090 quivis
949 2008 1096 2070 nostrum
1113 2004 1148 2068 in
1168 2005 1347 2091 primisque

138 2136 210 2200 ego,
226 2112 283 2198 qui
308 2131 381 2175 oum
406 2106 561 2193 Pompeio
587 2109 766 2193 complures
789 2108 858 2174 dies
880 2108 980 2174 nullis
1005 2107 1041 2173 iu
1064 2108 1136 2173 aliis
1159 2107 1223 2173 nisi
1248 2109 1289 2174 de
1312 2131 1348 2175 re

139 2216 268 2304 publica
292 2209 491 2278 sermonibus
513 2214 658 2276 versatus
685 2233 778 2276 sum:
810 2233 892 2297 qnae
916 2234 974 2277 nec
999 2216 1133 2297 possunt
1163 2211 1259 2277 scribi
1288 2235 1348 2278 nee

138 2318 306 2385 scribenda
321 2319 406 2380 sunt.
452 2313 595 2379 Tantum
614 2312 743 2394 hebeto,
758 2314 860 2381 civem
880 2315 1048 2401 egregium
1068 2337 1135 2381 esse
1152 2314 1347 2401 Pompeium

139 2428 173 2490 et
187 2425 230 2488 ad
244 2421 363 2498 omnic,
372 2440 454 2504 quae
465 2416 665 2503 providenda
676 2423 752 2483 sunt
762 2418 798 2484 in
808 2442 843 2485 re
857 2418 996 2504 publica,
1008 2421 1041 2486 et
1052 2418 1161 2484 animo
1172 2418 1348 2485 etoonsilic

139 2531 299 2613 paratum.
346 2521 469 2594 Quare
484 2521 527 2585 de
541 2524 574 2586 te
593 2520 736 2586 homini:
760 2523 997 2607 complectetur,
1013 2522 1211 2588 mihicrede.
1257 2521 1347 2588 Nam

139 2631 239 2695 iidem
254 2628 305 2693 illi
324 2631 358 2690 et
378 2624 456 2690 boni
478 2628 511 2689 et
532 2625 613 2688 mali
636 2625 720 2689 cives
739 2626 900 2705 videntur,
916 2627 972 2711 qui
992 2625 1084 2692 nobis
1107 2626 1209 2691 videri
1230 2626 1347 2692 solent.

141 2735 171 2797 3.
196 2733 270 2817 Ego
285 2752 359 2796 cum
373 2727 513 2793 Athenis
528 2728 637 2792 decem
659 2728 746 2813 ipsos
768 2730 837 2795 dies
854 2730 987 2795 fuissem
1001 2731 1206 2814 multumque
1221 2752 1348 2796 meeum

140 2958 175 3008 of.
197 2957 261 3006 Hor.
284 2956 336 3004 Sat.
355 2953 374 3003 i.
397 2957 419 3009 1,
438 2955 477 3013 78,
500 2956 537 3002 Ne
555 2960 577 3001 te
596 2957 720 3015 conpilent
802 2960 826 3005 2.
844 2959 973 3017 rornplnres
984 2955 1044 3021 dies]
1062 2955 1111 3005 i.e.
1124 2955 1194 3005 three
1205 2955 1274 3020 days,
1291 2957 1348 3007 Art.

134 3026 275 3086 sepientes:
296 3026 340 3069 not
359 3035 385 3067 as
405 3019 486 3068 Lewis
503 3019 552 3066 and
571 3019 644 3067 Short
664 3036 716 3084 say,
768 3037 793 3071 v.
808 3024 831 3081 7,
844 3021 892 3084 Ep.
905 3038 959 3071 cxc.

144 3086 293 3149 ‘sportively
310 3084 370 3132 used
386 3086 414 3132 os
427 3098 442 3131 a
458 3083 586 3131 collection
602 3085 631 3132 ot*
644 3084 718 3132 doen·
801 3102 860 3148 qnae
871 3103 911 3134 nen
921 3086 1041 3134 scribenda
1052 3084 1119 3150 sunt]
1139 3085 1237 3134 ‘which
1251 3084 1351 3135 neither

141 3158 229 3209 ments,
252 3167 267 3198 a
286 3147 462 3210 compilation'
506 3149 617 3196 Clrrstns
633 3164 719 3197 wasa
769 3151 841 3199 could
850 3167 897 3199 nor
907 3150 1033 3199 shouldbo
1043 3149 1350 3211 written':quarisused

141 3231 253 3266 common
264 3229 336 3263 neme
347 3214 373 3261 of
385 3212 463 3260 slaves
474 3212 523 3260 and
531 3213 665 3261 treedmen.
768 3216 795 3263 in
805 3215 871 3265 loose
882 3215 1020 3278 appositicn
1030 3215 1092 3263 with
1103 3216 1257 3274 sermonibus,
1279 3214 1347 3263 ‘dis-

180 3282 238 3331 Vide
264 3317 270 3327 .
300 3315 306 3327 .
333 3314 339 3326 .
362 3276 505 3340 pertinebit]
547 3276 720 3340 Wesenberg's
770 3280 880 3330 cussions
895 3295 928 3328 on
939 3280 1001 3329 such
1015 3279 1097 3342 points
1113 3295 1147 3339 aa,
1162 3278 1233 3328 dcl:
1253 3295 1294 3342 cp.
1308 3279 1350 3328 De

141 3343 304 3408 punctuation
323 3343 389 3404 (Em.
407 3342 463 3389 Ait.
482 3357 507 3402 p.
526 3344 561 3403 4),
581 3341 662 3390 which
681 3358 719 3390 we
771 3344 828 3392 Sen.
842 3346 865 3404 7,
879 3346 953 3406 Saepe
966 3347 1029 3392 enim
1044 3345 1147 3406 interfui
1158 3346 1270 3405 querellis
1286 3381 1293 3391 .
1313 3381 1320 3392 .
1340 3381 1347 3393 .

141 3411 205 3459 have
223 3407 335 3470 adopted,
353 3406 415 3454 suita
432 3405 475 3453 the
494 3420 564 3454 sense
582 3405 623 3453 fer
639 3406 719 3454 better
769 3425 827 3470 quae
851 3447 857 3457 .
881 3446 887 3458 .
909 3446 915 3458 .
939 3412 1015 3457 nostri
1028 3411 1083 3472 serr
1101 3411 1208 3470 necemus
1225 3410 1351 3469 deplorare

141 3473 235 3524 thenit
250 3490 265 3520 n
278 3478 335 3520 note
349 3471 377 3519 of
393 3469 644 3533 exclamationispnt
655 3470 720 3519 niter
769 3475 879 3534 sotebant,
903 3474 986 3523 where
1005 3472 1055 3522 Mr.
1077 3473 1141 3522 Reid
1159 3472 1236 3522 refers
1258 3480 1285 3522 to
1308 3472 1349 3521 De

143 3541 254 3597 tribuam,
279 3537 327 3584 end
349 3535 393 3584 the
416 3541 531 3583 sentence
555 3534 586 3583 be
612 3534 719 3583 referred
770 3537 869 3586 Amisit.
884 3542 923 3597 14,
940 3541 1008 3586 onius
1020 3541 1191 3599 disputationis
1199 3540 1255 3600 snit
1269 3543 1348 3586 extre·

141 3610 168 3653 to
190 3602 257 3651 what
280 3616 338 3663 goes
362 3598 454 3648 before.
498 3599 562 3648 ‘Son
586 3599 629 3647 the
651 3607 719 3662 great
770 3619 833 3650 mum
841 3605 898 3667 serr
909 3605 937 3650 dr
948 3606 1129 3652 immortalitate
1139 3604 1274 3650 animorum
1288 3618 1350 3664 qim

141 3667 402 3729 veluelputonyon
416 3665 443 3713 in
456 3680 499 3727 my
513 3664 559 3727 jud
602 3669 645 3713 ent
661 3666 719 3727 (end
770 3683 793 3714 ne
812 3705 818 3716 .
839 3705 845 3715 .
866 3705 872 3716 .
890 3670 983 3716 arrdnsr
998 3668 1096 3717 dicebat.
1131 3665 1350 3729 Insuchphmses

141 3731 244 3795 rightly,
268 3730 364 3788 indeed,
386 3735 441 3787 too;
466 3727 540 3777 forI
578 3744 623 3777 ave
644 3744 719 3778 never
769 3748 796 3780 ns
809 3748 837 3779 en
854 3749 878 3779 ec
892 3748 1045 3794 percrepare
1064 3731 1132 3795 (rin.
1151 3730 1188 3780 iii.
1208 3731 1258 3794 70),
1277 3746 1307 3778 rr
1323 3747 1350 3780 eo

142 3803 193 3846 met
209 3812 224 3844 e
240 3811 298 3843 men
316 3809 383 3843 more
403 3809 435 3840 an
448 3793 503 3853 fait
519 3799 545 3842 nt
559 3793 681 3856 politicsl:
705 3794 717 3841 Ι
769 3813 865 3844 nnnnro
882 3800 932 3858 qui,
949 3796 1010 3845 with
1025 3796 1105 3859 plurnl
1117 3796 1176 3844 verb
1193 3795 1279 3858 (Areh.
1293 3797 1347 3859 31),

142 3863 212 3911 dcn't
226 3866 294 3909 went
309 3874 358 3923 yon
373 3865 399 3907 to
414 3858 484 3906 write
500 3863 527 3907 tc
543 3873 582 3906 me
598 3873 660 3907 even
675 3857 719 3907 the
769 3860 812 3909 the
822 3861 932 3910 addition
943 3861 971 3910 of
981 3861 1024 3910 the
1034 3859 1224 3910 demonstrative
1235 3875 1350 3922 prononn

142 3933 207 3975 most
228 3925 363 3987 important
383 3930 469 3971 events
491 3922 518 3971 in
539 3922 636 3985 politice
658 3923 717 3971 each
768 3926 867 3974 renders
881 3925 925 3975 the
940 3932 1008 3974 want
1022 3926 1050 3976 of
1063 3924 1182 3974 formala
1213 3924 1351 3974 cementof

142 3993 198 4056 day,
217 3990 264 4038 but
280 3989 339 4100 onlp⁷
351 3987 419 4036 what
435 3986 499 4035 shall
515 3986 578 4036 heve
593 3988 719 4035 reference
767 3990 871 4039 relative
892 3991 941 4039 and
959 3991 1105 4040 antecedent
1123 3989 1170 4038 less
1204 3988 1276 4038 arrh:
1307 4005 1348 4054 op.

142 4063 168 4105 to
179 4053 289 4120 myself.'
336 4052 379 4101 tis
391 4052 558 4114 questionnble
569 4051 591 4099 if
601 4055 649 4099 nisi
661 4054 720 4113 qnid
769 4053 816 4117 Ep.
829 4055 874 4103 xii.
889 4058 928 4104 13.

142 4120 164 4169 is
182 4121 264 4182 n'ghn
285 4117 347 4166 such
363 4133 378 4165 a
394 4132 494 4179 passage
510 4132 537 4165 ns
555 4120 604 4164 nisi
615 4117 719 4178 quidne
805 4121 907 4167 Tantum
924 4118 1016 4184 iubeto]
1053 4119 1135 4168 ‘Take
1152 4118 1202 4167 this
1218 4117 1293 4167 much
1308 4118 1351 4169 for

141 4188 225 4233 etesiae
235 4184 390 4232 morabrrntnr
408 4219 414 4230 .
434 4216 440 4228 .
461 4219 466 4229 .
484 4198 524 4229 eor
539 4182 625 4242 ridebo,
646 4182 717 4230 Fam.
769 4184 869 4243 certain,
877 4185 932 4233 that
939 4183 1238 4246 Pompeiusisopatriotic
1247 4183 1349 4244 citizen,

143 4250 169 4298 ii.
193 4251 232 4308 15,
255 4250 277 4307 b,
300 4246 346 4309 Ep.
367 4245 488 4305 cclxxiii,
512 4246 595 4295 where
616 4248 676 4307 quid
696 4246 718 4294 is
769 4248 1350 4323 andrcadyinheartnndheadtotslseerery

142 4330 232 4372 accus,
246 4312 267 4362 is
281 4319 326 4360 not
335 4311 444 4373 pnrnllcl.
471 4310 590 4358 ltshould
601 4311 631 4359 be
639 4310 719 4359 either
768 4314 911 4375 preeunt-ion
919 4311 1349 4377 whichisrequircdforthepolitr·

142 4381 192 4426 nisi
199 4379 265 4439 qnod,
277 4377 336 4425 asin
344 4375 413 4424 Verr.
424 4375 451 4423 ii.
469 4378 508 4435 62,
523 4391 550 4423 or
561 4378 638 4422 nisisi
649 4378 715 4437 qnid,
768 4378 805 4427 eal
817 4378 934 4427 outloolr!

141 4450 206 4491 most
216 4442 335 4505 probably
345 4440 389 4489 the
400 4441 481 4499 latter,
495 4455 522 4487 es
536 4440 563 4488 in
580 4442 633 4488 An.
649 4440 677 4488 ii.
692 4445 715 4499 3,
801 4441 878 4507 Nam]
913 4443 946 4491 So
956 4441 1108 4504 Wesenberg
1122 4440 1189 4505 (Em.
1207 4441 1259 4491 Alt.
1278 4457 1304 4505 p.
1322 4444 1348 4502 4)

143 4512 166 4568 2,
180 4508 228 4569 Ep.
241 4507 328 4564 xxix.;
346 4505 373 4553 ii.
389 4509 427 4565 ll,
442 4508 464 4565 1,
479 4503 525 4567 Ep.
539 4505 625 4553 xxxix.
769 4507 838 4555 reads
848 4507 944 4555 instead
955 4507 983 4556 of
993 4509 1049 4566 iam,
1063 4507 1182 4570 probably
1193 4505 1296 4570 rightly.
1323 4505 1350 4556 It

169 4569 289 4635 sormam]
320 4570 424 4633 ‘plnn':
446 4569 480 4618 ci.
499 4569 530 4625 Q.
545 4569 587 4616 Fr.
605 4569 632 4617 ii.
651 4572 675 4617 2.
695 4573 717 4628 1,
770 4572 1007 4635 assignsthereason
1015 4570 1350 4635 whyCaeliusshouldenter

143 4637 191 4700 Ep.
213 4653 245 4695 o.,
266 4636 349 4684 where
370 4635 413 4684 the
432 4634 500 4682 word
521 4634 543 4681 is
562 4634 622 4682 used
640 4634 666 4683 ot
688 4649 720 4682 nn
769 4635 823 4684 into
842 4636 905 4685 close
924 4636 1027 4685 nlliance
1049 4635 1111 4684 with
1131 4634 1278 4698 Pompeius:
1308 4651 1347 4699 cp.

143 4701 284 4751 architect's
300 4700 358 4762 plan
375 4699 402 4748 of
418 4714 433 4746 n
449 4698 533 4758 house,
552 4700 605 4747 stt.
620 4697 638 4748 i.
655 4703 677 4758 1,
694 4702 717 4758 2,
771 4702 838 4749 Idern
847 4704 904 4749 celte
914 4709 984 4762 atqie
995 4704 1056 4749 idam
1067 4702 1163 4749 nollem
1173 4701 1348 4762 dnnnmstrmn

144 4769 192 4829 Ep.
211 4783 247 4824 x.,
271 4767 404 4813 Petitarum
424 4765 480 4812 nae
496 4770 530 4813 nr
547 4764 624 4812 adbuc
641 4764 719 4828 insor-
770 4768 931 4827 amicitiant,
946 4765 1007 4816 Sall.
1021 4765 1076 4814 Cat.
1089 4768 1128 4824 20,
1142 4770 1167 4814 4.

144 4833 339 4892 rnotaccqitotio.
805 4832 829 4880 3.
847 4833 992 4894 multumque
1002 4829 1102 4895 merum]
1119 4830 1263 4893 scsuirsrt.
