2976 5356
137 819 203 885 202
495 820 648 889 CCLXI.
675 820 798 907 (ΕΔΜ.
821 821 896 887 III.
918 820 989 908 10).

142 993 232 1066 Quid
254 994 337 1061 mihi
362 995 535 1076 mandasti,
567 1018 641 1061 oum
669 1000 703 1060 te
726 993 873 1061 Puteolis
896 1016 1115 1081 prosequerer,
1137 992 1175 1060 in
1197 1014 1265 1080 quo
1286 1012 1352 1059 non

136 1099 410 1184 exspectationem
430 1102 521 1165 tuam
544 1098 719 1186 diligentia
738 1120 811 1164 mea
830 1097 989 1165 vicerim?
1033 1099 1066 1163 9.
1090 1096 1190 1169 Quod
1209 1096 1291 1164 siid
1303 1099 1351 1163 att

138 1201 279 1268 maxime
290 1202 400 1282 astuti,
415 1202 525 1268 omnia
539 1205 582 1268 ad
597 1224 689 1268 suam
703 1202 880 1269 utilitatem
893 1202 1023 1282 referre,
1033 1201 1114 1288 quid
1123 1199 1207 1267 mihi
1216 1200 1352 1266 tandem

137 1309 208 1370 erat
222 1305 346 1385 utilius,
361 1307 441 1391 quid
458 1307 634 1372 commodis
653 1306 734 1373 meis
754 1305 863 1393 aptius
882 1327 981 1392 quam
1000 1303 1141 1371 hominis
1155 1302 1351 1370 nobilissimi

138 1411 236 1493 atque
265 1407 503 1476 honoratissimi
532 1409 738 1476 coniunctio:
791 1408 882 1475 auius
912 1430 998 1494 opes,
1032 1406 1214 1494 ingenium,
1245 1404 1350 1484 liberi,

136 1511 270 1592 adfines,
295 1512 468 1599 propinqui
493 1513 575 1578 mihi
595 1535 718 1600 magno
740 1512 794 1579 vel
820 1515 1010 1579 ornamento
1032 1510 1085 1578 vel
1098 1509 1264 1598 praesidio
1285 1530 1352 1577 esre

138 1615 296 1700 possent?
340 1615 433 1686 Quae
446 1621 557 1682 temen
579 1640 640 1704 ego
659 1617 770 1683 omnia
789 1616 825 1682 in
842 1616 1024 1702 expetenda
1041 1613 1186 1680 amicitia
1203 1618 1266 1680 tua
1285 1634 1350 1680 naa

139 1717 260 1783 astutia
273 1719 425 1802 quadam,
445 1721 501 1784 sed
522 1721 633 1806 aliqua
649 1721 758 1806 potius
781 1719 941 1806 sapientie
962 1723 1089 1785 secutus
1103 1739 1186 1783 sum.
1233 1716 1352 1790 Quid?

140 1821 198 1886 illa
221 1822 360 1902 vincula,
387 1822 504 1908 quibus
527 1824 659 1910 quidem
673 1823 884 1890 libentissime
907 1821 1079 1908 astringor,
1104 1826 1231 1908 quanta
1250 1820 1353 1887 suntl’

140 1924 322 1990 studiorum
337 1925 527 2006 similitudo,
545 1928 686 1993 suavitas
701 1925 951 2005 consuetudinis,
966 1924 1137 1992 delectatio
1151 1925 1241 1992 vitae
1255 1929 1353 2011 atque

140 2027 254 2107 victus,
270 2029 425 2094 sermonis
439 2030 581 2111 societas,
596 2031 724 2096 litterae
735 2031 911 2096 interiores.
949 2028 1061 2115 Atque
1074 2028 1154 2095 haec
1163 2028 1351 2095 domestica

139 2131 232 2203 Quid
249 2131 308 2196 illa
326 2133 459 2198 tandem
481 2133 677 2219 popularia?
698 2134 822 2200 reditus
842 2133 980 2200 illustris
1000 2133 1038 2200 in
1057 2131 1209 2220 gratim
1230 2132 1269 2198 in
1287 2152 1354 2218 qao

141 2256 182 2299 ne
196 2256 254 2319 per
264 2235 518 2320 imprudentiam
528 2237 660 2323 quidem
674 2238 774 2304 errari
784 2243 891 2324 potest
906 2238 975 2304 sine
991 2237 1172 2323 suspicione
1182 2235 1353 2322 perfidiae,

140 2337 332 2423 amplissimi
346 2340 517 2406 sacerdotii
528 2341 711 2428 collegium,
720 2341 756 2407 in
771 2364 835 2429 quo
850 2363 917 2407 uon
931 2341 1027 2406 modo
1041 2339 1221 2406 amicitiam
1235 2338 1356 2405 violari

141 2442 229 2527 apud
242 2442 380 2508 maiores
395 2447 521 2509 nostros
536 2445 585 2509 las
599 2467 666 2510 non
680 2450 759 2525 erat,
775 2447 887 2511 sedne
902 2444 1044 2532 cooptari
1058 2443 1190 2529 quidem
1204 2443 1355 2510 sacedo-

139 2549 207 2609 tem
222 2545 350 2624 licebat,
366 2548 422 2631 qui
437 2548 587 2632 cuiquam
604 2572 644 2613 ex
667 2550 802 2634 collegio
822 2561 904 2614 esset
923 2548 1082 2613 inimicus.
1130 2547 1182 2612 10.
1206 2547 1304 2618 Quae
1319 2549 1355 2612 et

141 2649 291 2714 omittam
312 2652 381 2714 tam
403 2651 508 2715 multa
528 2656 625 2736 atque
648 2656 751 2731 tanta,
778 2653 851 2737 quis
873 2674 1029 2737 umquam
1047 2650 1134 2716 tanti
1152 2671 1354 2736 quemquam

142 2751 218 2816 feeit
249 2755 305 2816 aut
335 2752 440 2818 faeere
470 2755 576 2839 potuit
603 2760 660 2819 aut
686 2754 807 2834 debuit,
835 2757 950 2841 quanti
975 2776 1036 2839 ego
1059 2753 1119 2819 On.
1142 2753 1353 2838 Pompeium,

142 2877 286 2920 socerum
312 2860 387 2921 tuae
413 2857 527 2922 filiae?
571 2857 705 2923 Etenim
725 2859 752 2923 si
772 2861 887 2924 merita
906 2858 1026 2936 valent,
1047 2857 1197 2943 patriam,
1221 2856 1353 2936 liberos,

142 2959 290 3037 salutern,
302 2960 506 3044 dignitatem,
524 2967 644 3027 memet
655 2962 762 3047 ipsum
776 2962 857 3027 mihi
872 2985 930 3047 per
944 2962 1040 3027 iham
1054 2960 1242 3025 restitutum
1251 2964 1353 3045 puto:

142 3063 170 3126 si
183 3063 425 3128 consuetudinis
439 3064 633 3144 iucunditas,
645 3088 727 3150 quae
739 3065 803 3130 fuit
815 3088 969 3150 umquam
980 3064 1121 3129 amicitia
1132 3063 1357 3129 consularium

143 3165 178 3229 in
206 3174 316 3229 nostra
341 3165 472 3231 civitate
495 3168 719 3233 coniunctior?
742 3169 770 3233 si
790 3170 847 3234 illu
869 3169 986 3234 amoris
1007 3173 1104 3253 atque
1126 3167 1223 3232 officii
1246 3168 1356 3253 signa,

143 3268 223 3352 quid
246 3267 327 3332 mihi
353 3269 409 3333 ille
435 3293 501 3334 nou
527 3273 713 3337 commisit?
735 3273 814 3358 quid
836 3295 903 3338 non
924 3294 1050 3338 mecum
1072 3271 1357 3337 communicavit?

144 3372 224 3456 quid
240 3373 279 3436 de
295 3394 327 3436 se
342 3373 378 3436 in
393 3377 517 3452 senatu,
534 3376 690 3460 cumipse
706 3375 838 3456 abesset,
855 3400 912 3462 per
927 3397 1121 3462 quemquam
1135 3374 1191 3459 agi
1205 3374 1357 3441 maluit?

143 3473 260 3560 quibus
284 3475 340 3541 ille
370 3499 422 3541 me
445 3476 540 3543 rebus
566 3501 632 3544 non
655 3484 806 3544 ornatum
828 3503 894 3546 esse
915 3480 1018 3546 voluit
1040 3478 1266 3564 amplissime?
1287 3501 1358 3565 qua

144 3661 721 3724 tomahoaspeeohiutheSenute,orvotein
771 3666 866 3729 Appius
893 3683 926 3716 on
952 3666 996 3715 the
1023 3663 1134 3728 Augural
1163 3662 1274 3727 system,
1304 3666 1358 3715 and

144 3726 263 3799 aeertain
278 3743 388 3787 manner,
403 3729 509 3778 without
524 3730 563 3778 his
579 3731 721 3794 eomplying
772 3732 879 3781 i‘reero’s
895 3748 927 3780 on
939 3747 1014 3794 every
1026 3729 1086 3779 kind
1098 3731 1126 3779 ol
1134 3727 1283 3778 theoretical
1293 3730 1356 3780 sub·

144 3790 208 3838 with
220 3791 261 3839 the
273 3807 308 3839 ret
317 3798 379 3840 uest.
415 3796 449 3841 ht
460 3794 502 3842 the
514 3802 612 3857 present
623 3797 671 3859 day
683 3812 720 3844 we
770 3798 831 3861 jeet.

143 3854 231 3903 should
243 3855 287 3904 har
315 3857 523 3919 ymaheamerit
533 3860 560 3908 of
571 3860 665 3923 having
676 3876 722 3908 our
804 3864 895 3909 reditus
908 3856 1178 3922 illuetriainpratiam]
1217 3862 1249 3907 ‘a
1266 3874 1354 3908 moon·

143 3921 253 3979 opinions
269 3937 296 3968 so
310 3937 371 3986 very
383 3923 457 3971 much
474 3931 500 3972 at
516 3924 558 3973 the
573 3924 680 3987 disposal
694 3925 722 3973 of
772 3925 881 3974 eiliation
893 3924 976 3973 which
987 3940 1038 3973 was
1049 3923 1118 3988 quito
1135 3923 1252 3972 fanrous.⁹

143 4001 189 4032 our
200 3985 299 4034 friends.
805 3995 830 4038 in
843 4007 887 4052 quo
900 4007 928 4037 ue
935 4006 980 4050 per
992 3986 1190 4052 immodestiam]
1211 3991 1218 4014 ⁴
1229 3987 1257 4036 in
1269 3987 1356 4038 which

177 4053 352 4099 herodiorum
372 4051 516 4117 similitudo]
553 4058 613 4102 ‘our
628 4053 721 4102 similar
771 4054 844 4117 aslip
857 4054 1076 4112 cannotbemnde,
1090 4052 1353 4103 evenhuminadwer·

144 4114 262 4176 pursuita,
277 4131 322 4163 our
333 4116 444 4178 pleasant
456 4116 613 4177 intercourse,
627 4119 669 4167 the
681 4121 721 4166 dc·
772 4127 849 4180 tenco,
864 4119 971 4168 without
982 4118 1106 4181 suspicion
1117 4117 1143 4166 ol
1153 4117 1201 4165 bad
1213 4116 1301 4166 saith!

144 4177 304 4240 lightfulness
323 4183 352 4229 ol
367 4197 413 4230 our
428 4181 473 4230 liic
489 4184 537 4230 and
554 4183 596 4231 the
612 4200 668 4247 way
684 4200 722 4231 we
808 4189 844 4232 lo.
865 4187 928 4232 illa.
945 4183 1067 4246 ..siprra]
1104 4182 1163 4231 ‘the
1178 4183 1253 4230 usual
1269 4182 1354 4232 marks

145 4251 216 4304 spent
233 4244 261 4303 it,
280 4260 326 4293 our
343 4246 525 4296 conversations
540 4248 659 4309 together,
674 4250 722 4296 and
773 4248 800 4297 of
811 4248 926 4297 affection
938 4249 986 4296 and
997 4246 1103 4311 regard.’

144 4309 721 4376 ourdceporstudies.'Incitaatqueeictus,by
806 4323 915 4361 ornatum
938 4312 1006 4377 csse]⁸
1042 4311 1104 4361 This
1125 4311 1147 4361 is
1167 4311 1272 4360 Orelli’s
1290 4327 1351 4361 eon·

147 4374 195 4419 rito
207 4372 228 4420 is
239 4378 367 4436 expresscd
379 4376 421 4424 the
432 4391 498 4424 mora
510 4377 646 4440 subjective
657 4377 720 4436 idea,
776 4378 867 4427 'eeture
885 4379 923 4427 sor
940 4380 1126 4433 orrsatiesimum,
1141 4378 1190 4425 and
1205 4376 1229 4424 is
1247 4376 1353 4440 adopted

145 4437 179 4500 by
202 4441 278 4486 rictus
307 4440 349 4489 tho
377 4440 500 4503 objectiva
527 4441 720 4490 manifestation.
781 4459 806 4505 ›y
830 4442 989 4505 Wesenberg,
1019 4441 1103 4502 Klotz,
1127 4443 1177 4490 and
1204 4441 1353 4506 practically

146 4502 286 4551 Alcibiades
308 4521 359 4554 was
376 4508 513 4566 apleruliclua
530 4523 577 4553 non
596 4509 675 4554 rubruc
696 4510 721 4554 tn
774 4507 856 4555 liniter
868 4507 943 4570 (who,
960 4508 1082 4565 however,
1100 4505 1174 4555 omits
1187 4508 1256 4569 ease).
1291 4505 1353 4554 Two

143 4570 195 4614 cito
207 4584 275 4628 quarm
294 4570 320 4616 iu
337 4572 408 4629 rictu,
426 4586 482 4643 sapa
497 4570 580 4633 Nepos
593 4571 682 4634 (Ale-ib.
698 4575 719 4630 l,
772 4572 933 4635 superlativas
945 4570 1042 4634 coming
1053 4570 1174 4633 together,
1185 4570 1351 4684 oncqqralify·

147 4633 187 4693 3);
212 4632 251 4681 his
273 4649 375 4684 manner
392 4635 420 4683 oi
444 4635 488 4683 hie
513 4636 615 4698 (uictus),
636 4636 719 4692 house,
771 4636 815 4700 ing
834 4637 877 4686 tho
891 4637 969 4697 other,
983 4635 1066 4684 would
1080 4636 1110 4684 hc
1123 4643 1174 4684 two
1190 4653 1249 4684 mue
1289 4652 1351 4684 ewen

145 4698 257 4758 gurdone,
272 4699 363 4758 horsea,
377 4700 410 4747 all
422 4700 544 4748 extemals
556 4700 720 4756 intuetur-re
772 4702 811 4750 for
826 4701 910 4750 Cicero
924 4701 966 4764 (In
977 4704 1031 4749 Att.
1048 4700 1094 4748 xii.
1108 4703 1146 4755 38,
1164 4704 1187 4759 3,
1205 4716 1240 4749 no
1260 4700 1350 4750 editors

146 4761 274 4822 splendid;
300 4765 348 4811 and
367 4763 407 4812 his
423 4765 504 4813 whole
521 4765 566 4814 life
582 4766 651 4828 (cita)
669 4781 720 4814 was
770 4782 826 4815 now
843 4766 896 4829 jein
911 4768 1011 4813 arturime
1024 4764 1087 4814 with
1104 4766 1294 4813 liberalissima:
1311 4782 1349 4828 cp.

144 4840 189 4874 one
209 4827 236 4875 oi
258 4828 355 4877 exulted
376 4828 451 4878 ideas.
487 4832 720 4878 Literacs'uterioree
772 4831 834 4879 lleid
852 4848 884 4880 on
904 4831 1020 4879 Aeacon.
1044 4829 1072 4878 ii.
1097 4829 1149 4893 47).
1196 4830 1350 4893 Wesenberg

143 4891 209 4940 refer
223 4898 248 4941 to
267 4893 390 4943 recondite
408 4894 527 4959 w’ritings,
546 4895 596 4944 like
609 4895 678 4944 those
695 4896 723 4944 ol
771 4898 836 4958 (lim.
848 4912 873 4959 p.
887 4899 927 4959 31)
936 4894 1071 4945 thinksthe
1082 4910 1148 4944 error
1154 4911 1224 4945 arose
1232 4896 1296 4945 from
1306 4895 1350 4944 the
