2976 5356
137 829 201 895 156
467 830 654 900 CCXLVI.
684 830 807 915 (ΕΔΜ.
830 829 898 896 ΙΧ.
921 829 991 916 25).

136 1003 231 1068 video
250 1001 420 1070 lectitasse.
465 1003 583 1090 Itaque
603 1004 824 1090 obtemperare
845 1003 952 1091 cogito
975 1001 1153 1090 praeceptis
1173 1002 1264 1069 tuis:
1288 1001 1348 1070 hoc

138 1106 288 1193 amplius,
315 1107 538 1174 navicularum
567 1107 686 1174 habere
716 1106 840 1193 aliquid
866 1106 903 1171 in
932 1129 989 1173 ora
1017 1105 1203 1172 maritima:
1237 1109 1350 1172 contra

137 1210 279 1295 equitem
308 1209 469 1277 Parthum
498 1215 621 1299 negant
647 1211 750 1277 ullam
782 1215 981 1276 armaturam
1009 1209 1177 1275 meliorem
1205 1208 1348 1276 inveniri

136 1335 237 1399 posse.
284 1312 349 1379 Sed
364 1315 443 1400 quid
457 1315 628 1381 ludimus?
649 1315 752 1381 nescis
774 1335 838 1399 quo
860 1336 934 1380 cum
955 1313 1150 1399 imperatore
1169 1310 1233 1378 tibi
1247 1335 1345 1398 nego-

136 1416 221 1482 tium
245 1416 296 1481 sit.
343 1416 492 1486 Παιδείαν
509 1423 627 1504 Κύρου,
654 1439 752 1503 quam
778 1416 991 1483 contriveram
1015 1417 1164 1503 legendo,
1187 1419 1293 1482 totam
1311 1414 1347 1482 in

137 1517 198 1584 hoc
216 1519 353 1605 imperio
379 1521 545 1606 explicavi.
592 1522 623 1585 2.
647 1520 712 1588 Sed
737 1520 916 1587 iocabimur
941 1520 1022 1586 alias
1042 1542 1160 1600 coram,
1181 1523 1220 1585 ut
1243 1541 1346 1606 spero,

136 1621 228 1688 brevi
257 1627 411 1709 tempore.
457 1624 556 1691 Nunc
582 1626 658 1690 ades
687 1625 730 1690 ad
758 1625 985 1711 imperandum
1013 1623 1066 1689 vel
1095 1624 1138 1689 ad
1165 1623 1348 1709 parendum

137 1727 266 1812 potius:
289 1727 334 1793 sic
353 1727 439 1793 enim
461 1728 586 1814 antiqui
601 1727 826 1814 loquebantur.
872 1726 957 1794 Cum
970 1725 1019 1794 M.
1036 1726 1151 1808 Fadio,
1166 1727 1257 1812 quod
1271 1726 1349 1793 scire

136 1834 170 1895 te
185 1828 333 1910 arbitror,
347 1830 430 1896 mihi
444 1853 589 1897 summus
608 1854 686 1898 mus
707 1835 765 1912 est,
781 1831 939 1916 valdeque
953 1853 1029 1897 eum
1043 1829 1146 1916 diligo
1161 1851 1238 1895 cum
1252 1851 1348 1917 prop·

137 1938 188 1999 ter
209 1955 368 1999 summam
389 1933 585 2020 probitatem
601 1935 670 2000 eius
689 1958 725 2000 ac
747 1934 946 2021 singularem
964 1934 1159 2000 modestiam
1173 1939 1248 1998 tum
1263 1932 1349 2018 quod

137 2036 173 2101 in
188 2036 228 2101 iis
243 2037 474 2118 controversiis,
498 2059 578 2123 quas
600 2035 702 2104 habeo
725 2060 799 2104 cum
821 2038 887 2104 tuis
908 2036 1152 2104 combibonibus
1174 2034 1349 2123 Epicuriis,

138 2141 261 2225 optima
276 2162 373 2226 opera
387 2141 456 2207 eius
469 2143 520 2208 uti
534 2142 630 2207 soleo.
676 2143 707 2206 3.
731 2139 767 2207 Is
782 2162 856 2206 cum
870 2140 913 2206 ad
927 2163 980 2207 me
995 2137 1192 2206 Laodiceam
1207 2138 1349 2206 venimet

137 2265 327 2329 mecumque
342 2266 403 2331 ego
418 2267 493 2311 eum
512 2267 579 2310 esse
598 2245 724 2324 vellem,
745 2248 877 2330 repente
891 2266 1059 2331 percussus
1073 2247 1123 2310 est
1137 2242 1348 2309 atrocissimis

138 2346 266 2425 litteris,
297 2347 333 2412 in
362 2348 480 2434 quibus
509 2349 665 2434 scriptum
693 2351 764 2414 erat
793 2348 935 2413 fundum
960 2346 1282 2414 Herculanensema
1306 2344 1347 2419 Q-

140 2449 245 2516 Fadio
259 2451 361 2518 fratre
374 2451 588 2538 proscriptum
604 2474 680 2532 csse,
698 2453 755 2537 qui
769 2451 893 2518 fundus
914 2473 989 2517 cum
1010 2472 1048 2518 eo
1062 2451 1245 2517 communis
1258 2453 1349 2517 esset

140 2553 183 2619 Id
213 2554 261 2619 M.
293 2554 417 2620 Fadius
445 2555 648 2641 pergraviter
677 2556 754 2621 tulit
789 2554 1051 2641 existimavitque
1079 2554 1216 2620 fratrem
1247 2575 1349 2632 suum,

139 2656 306 2723 hominem
321 2680 387 2722 non
409 2660 597 2744 sapientem,
620 2659 763 2744 impulsu
782 2658 986 2724 inimicorum
1004 2680 1134 2724 sucrum
1150 2680 1188 2723 eo
1202 2679 1349 2745 progres-

140 2782 212 2825 sum
228 2784 304 2826 esse.
350 2761 459 2841 Nunc,
476 2763 503 2826 si
518 2785 570 2827 mc
586 2785 684 2842 amas,
707 2762 754 2826 mi
769 2761 879 2841 Paete,
900 2763 1069 2848 negotium
1083 2766 1191 2826 totum
1206 2761 1349 2847 suscipe:

140 2864 288 2930 molestia
303 2864 444 2930 Fadium
459 2864 569 2930 libera.
614 2864 819 2931 Auctoritate
834 2869 892 2930 tua
905 2864 998 2930 nobis
1013 2887 1093 2950 opus
1108 2868 1156 2929 est
1171 2868 1203 2929 et
1219 2863 1350 2930 consilio

141 2973 174 3033 et
198 2968 295 3033 etiam
322 2969 438 3055 gratia.
484 2968 564 3034 Noli
593 2970 662 3055 pati
692 2969 822 3054 litigare
848 2969 964 3033 fratres
988 2973 1021 3033 et
1050 2967 1178 3032 iudiciis
1201 2967 1350 3054 turpibus

141 3072 327 3136 conflictari.
373 3072 543 3138 Matonem
561 3076 594 3139 et
609 3071 827 3138 Pollionemin
842 3071 953 3137 imicos
968 3070 1066 3136 habet
1080 3070 1215 3136 Fadius.
1264 3070 1350 3142 Quid

141 3175 274 3239 multa?
296 3197 362 3240 non
377 3176 558 3242 mehercule
573 3182 643 3241 tam
657 3176 850 3261 perscribere
867 3198 996 3261 possum
1011 3197 1109 3261 quam
1123 3174 1206 3240 mihi
1222 3180 1351 3260 gratum

143 3278 267 3357 feceris,
284 3278 311 3342 si
326 3279 463 3344 otiosum
479 3278 621 3344 Fadium
640 3280 829 3345 reddideris.
876 3278 918 3344 Id
940 3278 995 3344 ille
1015 3279 1051 3343 in
1074 3282 1107 3344 te
1127 3279 1272 3364 positum
1287 3300 1350 3344 esse

145 3386 240 3467 putat
254 3381 399 3466 mihique
413 3384 594 3467 persuadet.

143 3558 182 3602 tar
193 3551 281 3601 Cineas
293 3558 369 3602 vvroto
381 3553 492 3603 treatises
503 3570 535 3604 on
546 3554 657 3621 military
668 3571 719 3605 sor·
771 3561 799 3603 to
810 3552 913 3615 crdcrs‚'
926 3554 945 3601 i.
954 3569 973 3600 e.
987 3557 1013 3601 tc
1024 3567 1088 3616 your
1099 3552 1257 3602 commender
1267 3551 1351 3617 giving

145 3617 199 3666 vioe
211 3616 309 3678 (helian
322 3617 391 3666 Tact.
406 3620 439 3681 l).
771 3635 822 3694 you
832 3619 978 3667 orders-an
985 3617 1026 3666 old
1036 3617 1147 3680 military
1155 3618 1307 3680 expression.
1327 3617 1351 3666 lt

178 3683 220 3729 hcc
231 3682 346 3746 arreptius]
383 3684 466 3732 ‘more
483 3683 544 3732 than
566 3684 624 3745 this,
646 3684 660 3734 Ι
682 3701 723 3734 am
772 3701 793 3733 rs
804 3685 858 3733 best
869 3692 913 3732 not
923 3689 950 3731 to
962 3682 1018 3730 talio
1034 3684 1200 3742 imperandum
1231 3681 1348 3746 assively:

144 3745 262 3809 thinking
274 3746 301 3793 of
311 3747 404 3810 having
415 3764 481 3797 soma
493 3749 579 3811 ships'
772 3763 813 3798 see
835 3746 909 3796 Kritz
932 3762 965 3796 on
987 3747 1047 3795 Sall.
1075 3749 1123 3794 ic.
1160 3746 1195 3795 Co
1225 3748 1241 3795 d
1263 3751 1300 3795 sci
1322 3747 1352 3794 ad

176 3814 251 3859 cellam
280 3812 440 3877 assuetarum]
475 3813 536 3862 This
563 3813 584 3862 is
613 3829 628 3862 a
654 3814 721 3878 jolre.
768 3815 922 3875 parendum.
938 3849 944 3860 .
960 3810 1301 3875 ,loquebanturbecglosat

146 3875 266 3938 Running
282 3892 353 3939 away
364 3876 398 3940 by
415 3893 456 3926 sca
472 3877 494 3926 is
510 3878 553 3927 the
570 3879 624 3927 bost
640 3894 723 3928 means
806 3881 830 3925 3.
844 3875 1024 3941 pcc-masuam]
1057 3875 1156 3938 ‘hegct
1167 3891 1182 3924 a
1193 3875 1348 3926 sovereblov

145 3940 173 3990 of
183 3941 291 4004 fighting
303 3941 345 3989 tho
356 3940 475 3990 Parthian
486 3942 623 3993 horsemen.
772 3942 806 4007 by
818 3958 832 3990 a
843 3941 963 4004 shoclring
974 3940 1065 3989 lattar.’

177 4007 293 4055 Παιδείαν
315 4005 409 4118 Κύρουῐ]
451 4007 485 4055 Of
506 4008 549 4056 the
572 4007 725 4072 Cympaodiu
802 4008 965 4067 proscriptum
984 4005 1043 4070 esse]
1079 4008 1148 4054 ‘was
1163 4004 1352 4055 advertisodfor

145 4068 230 4119 Cicero
248 4086 313 4134 says,
336 4070 366 4126 Q.
411 4087 432 4119 r.
451 4071 469 4120 i.
491 4076 513 4132 l,
534 4075 574 4131 23,
594 4073 642 4135 Ep.
662 4090 721 4121 xxx.
772 4071 855 4121 sale':
875 4087 913 4133 cp.
927 4070 975 4119 0ff.
989 4087 1026 4118 ru
1040 4073 1080 4118 66.

147 4136 224 4195 Cyrus
244 4138 284 4182 illa
302 4137 482 4197 aXencptcnte
501 4153 547 4185 nost
561 4138 593 4183 cd
609 4139 724 4185 historice
805 4153 829 4184 ec
848 4151 998 4197 progressum
1020 4133 1079 4200 csse]
1116 4133 1177 4183 ‘has
1198 4134 1277 4184 ωιτη
1303 4133 1352 4184 this

140 4201 216 4259 fidem
229 4203 333 4259 scriptus
346 4202 386 4247 sed
396 4203 428 4247 cd
438 4204 534 4263 effigiem
547 4204 605 4249 iusti
617 4204 722 4262 imperii.
772 4200 846 4264 hasty
857 4200 930 4262 step.⁹

147 4262 208 4311 This
225 4264 289 4312 ideal
307 4274 476 4326 gcvernmeut,
495 4266 588 4327 Cicero,
608 4266 665 4315 who
676 4266 724 4314 had
805 4268 959 4314 Acastoritcie
972 4300 978 4311 .
993 4300 999 4311 .
1016 4263 1127 4327 .yrutia]
1146 4262 1212 4312 ‘We
1223 4268 1292 4313 vvant
1304 4278 1351 4328 you

145 4329 204 4377 read
214 4331 262 4377 and
274 4329 373 4377 re-read
392 4330 420 4387 it,
437 4329 481 4378 has
500 4347 556 4379 now
568 4331 724 4393 exemplified
773 4335 799 4378 to
811 4329 946 4391 command,
957 4335 983 4378 tc
994 4329 1087 4389 advise,
1100 4335 1126 4377 tc
1138 4343 1203 4378 even
1213 4329 1259 4379 oslr
1270 4329 1292 4379 it
1302 4343 1352 4377 ass

145 4392 172 4441 in
194 4393 300 4454 practice
315 4394 461 4458 (explicavi).
497 4394 547 4443 For
562 4398 679 4456 explicare
696 4395 724 4444 in
773 4394 882 4443 favour!

145 4457 196 4507 this
207 4474 277 4506 sense
288 4474 326 4520 cp.
341 4458 379 4507 De
395 4459 463 4507 Orat.
482 4459 519 4507 iii.
536 4464 589 4519 103,
604 4476 658 4508 narn
670 4463 723 4520 ipsu
807 4460 904 4507 iudiciis
927 4457 1036 4518 turpibus
1065 4455 1211 4571 conflicturi}
1255 4461 1298 4509 ‘to
1323 4455 1352 4506 bs

146 4524 320 4570 adornandum
334 4530 460 4584 praecepta
477 4526 641 4585 quassantur
658 4527 721 4572 citu-
774 4523 882 4586 brought
892 4528 918 4571 to
929 4522 986 4571 ruin
997 4522 1199 4586 byadisgvacesu
1222 4522 1348 4579 lavsuit'z

146 4589 209 4635 modi
231 4594 288 4635 cum
308 4594 335 4634 ut
365 4604 392 4635 ea
421 4592 529 4649 quamuis
556 4592 724 4637 vitiosissimus
774 4587 932 4650 disgracetul,
947 4604 973 4636 as
984 4587 1097 4635 between
1109 4587 1231 4637 brothers.

146 4659 227 4699 orator
238 4654 355 4712 explicare
365 4657 448 4713 possit.
807 4651 949 4717 Pollionem]
982 4651 1101 4716 probably
1113 4651 1217 4701 Asinius
1229 4651 1319 4702 Pollio.

179 4716 348 4781 castriueram]
386 4718 451 4765 ‘had
462 4716 668 4767 welltbumbed.’
807 4724 856 4765 tum
875 4715 1043 4828 ,rrerscriberry1
1067 4724 1117 4765 tum
1136 4753 1142 4765 .
1164 4753 1170 4766 .
1191 4754 1197 4766 .
1217 4733 1289 4780 passm
1310 4730 1350 4765 ars

180 4784 204 4829 2.
223 4784 279 4829 adca
305 4785 337 4828 ad
355 4782 532 4847 corporandum]
569 4784 670 4832 ‘attend
696 4788 723 4831 to
773 4781 934 4831 correlative:
952 4780 1024 4830 litera
1045 4781 1211 4844 ythewords
1222 4797 1302 4842 mean,
1321 4778 1350 4829 ‘1

146 4845 258 4894 orders’:
277 4861 316 4908 cp.
331 4845 391 4894 Sall.
404 4846 463 4911 Jug.
477 4850 517 4909 62,
532 4850 555 4906 8,
569 4851 680 4908 cumipse
692 4850 725 4895 ud
773 4852 862 4896 cannot
874 4845 946 4895 write
958 4845 1020 4894 with
1036 4861 1069 4893 an
1085 4846 1212 4910 emphasis
1227 4862 1256 4897 as
1270 4853 1351 4909 struas

147 4912 311 4972 imperandum
329 4913 448 4960 Tisidium
470 4920 600 4973 amaretur,
621 4914 723 4962 ‘attend
772 4927 799 4961 as
811 4912 863 4960 will
874 4911 904 4960 be
916 4927 957 4976 my
969 4909 1124 4974 obligaticn.’
