2976 5356
508 345 637 414 coro.
663 344 788 431 (rire
811 345 912 414 rra
937 349 980 429 e).
1282 346 1345 412 aar

136 518 226 585 nihil
247 518 350 587 nostri
372 518 544 586 amantius.
589 519 634 586 Ei
657 526 685 585 te
707 523 814 586 totum
835 519 936 586 trade.
981 518 1072 586 Malo
1093 524 1127 586 te
1146 519 1256 606 paullo
1273 523 1347 605 poet

136 623 305 689 valentem
319 645 417 708 quam
438 621 550 689 atatim
564 622 762 690 imbeoillum
776 622 895 688 videre.
941 621 1027 689 Oura
1041 623 1144 711 igitur
1157 622 1242 689 nihil
1256 622 1346 688 eliud

137 724 206 791 nisi
235 728 273 791 ut
301 726 425 792 valeas:
463 730 568 792 uetera
597 748 658 813 ego
686 724 814 793 durabo.
860 726 974 793 Etiam
1010 731 1107 813 atque
1135 726 1234 794 etiam
1262 726 1344 792 vale.

137 827 293 896 Leueade
306 828 517 916 profioieoene‚
533 851 596 897 vu.
612 829 695 897 Idne
708 828 919 898 Novembres.

178 1269 308 1338 OOXO.
354 1271 402 1338 M.
425 1271 528 1340 AND
551 1272 591 1345 Q.
617 1271 785 1340 CICERO
807 1273 910 1341 ΛΝΒ
934 1272 1087 1340 THIlIR
1113 1272 1226 1341 SONS
1250 1271 1309 1340 TO

542 1375 655 1445 TIRO
681 1377 785 1459 (Fau.
808 1399 880 1444 xvr.
904 1378 945 1460 a).

261 1597 294 1642 A.
305 1597 338 1642 D.
355 1598 417 1643 vll.
435 1598 482 1643 11).
498 1598 600 1658 ΝΟΜ
624 1598 654 1642 Δ.
673 1599 706 1643 U.
724 1600 751 1644 O.
769 1594 840 1658 7043
864 1599 896 1643 B.
913 1599 940 1644 C.
959 1597 1011 1658 603
1036 1599 1111 1643 ΛΒΤ.
1128 1599 1187 1644 OIO.
1206 1598 1246 1646 66.

185 1779 224 1829 M.
235 1779 320 1830 Cicero
327 1779 442 1831 Tironem
453 1786 532 1846 rogat,
544 1796 577 1832 ne
584 1781 645 1846 quid
651 1780 751 1833 omittat
758 1783 824 1847 quod
835 1783 866 1833 ad
874 1782 1051 1833 restituendam
1059 1781 1227 1833 valetudinem
1237 1788 1347 1846 epeotare

141 1861 257 1912 rideatur
267 1868 293 1912 et
304 1869 333 1912 nt
343 1862 404 1928 quid
414 1870 472 1928 agat
482 1863 566 1914 erebro
576 1863 675 1914 eoribat.
711 1863 808 1929 Scripta
818 1863 922 1928 epistola
932 1870 970 1914 eet
981 1862 1057 1914 Aetli.

258 2048 419 2132 TULLIllS
436 2077 483 2132 ET
500 2077 632 2133 OIOERO
650 2079 697 2134 ΕΤ
715 2079 749 2139 Q.
769 2079 803 2139 Q.
823 2079 953 2136 TIRONI
971 2078 1047 2133 sel..
1066 2078 1173 2134 PLUR.
1192 2077 1228 2133 D.

208 2222 355 2291 Tertiam
370 2226 412 2291 ad
426 2230 459 2292 te
473 2225 557 2292 hane
571 2227 742 2313 epistolam
755 2226 869 2313 eoripsi
882 2229 994 2293 eodem
1008 2227 1071 2307 die,
1085 2226 1191 2313 magia
1203 2225 1348 2292 instituti

144 2327 207 2394 mei
221 2328 357 2395 tenendi
378 2352 483 2410 eausa,
506 2330 583 2416 quia
604 2337 718 2396 naetue
739 2352 828 2396 eram
849 2331 902 2397 eni
921 2332 1042 2412 darem,
1058 2352 1155 2416 quam
1170 2351 1234 2415 quo
1248 2328 1345 2396 habe-

144 2452 210 2497 rem
237 2433 324 2518 quod
349 2432 528 2499 aoriberem.
573 2432 685 2522 Igitur
706 2433 783 2499 illa:
807 2438 967 2521 qnantum
992 2457 1044 2498 me
1068 2432 1189 2520 diligis,
1214 2435 1345 2498 tantum

118 2600 124 2611 ,
145 2533 261 2601 adhibe
275 2534 311 2601 in
324 2540 359 2601 te
373 2535 570 2622 diligentiae.
615 2536 672 2601 Ad
686 2540 744 2603 tua
762 2534 1013 2603 innumerabilia
1026 2536 1062 2602 in
1076 2558 1129 2602 me
1144 2534 1247 2602 offioia
1261 2535 1345 2601 adde

144 2634 212 2718 hoe,
228 2640 315 2724 quod
329 2638 410 2705 mihi
424 2640 486 2705 erit
500 2640 719 2726 gratissimum
737 2641 892 2706 omnium.
938 2641 1022 2706 Oum
1038 2637 1233 2705 valetudinis
1246 2637 1344 2704 ratio·

145 2760 229 2821 nem,
240 2745 280 2806 ut
294 2764 394 2828 spero,
409 2741 569 2822 habueris,
584 2742 701 2808 habeto
716 2745 815 2810 etiem
829 2742 1055 2829 navigationis.
1101 2744 1132 2807 2.
1154 2741 1197 2806 In
1212 2740 1345 2807 Italiam

146 2842 297 2910 euntibus
311 2844 460 2911 omnibus
474 2846 517 2911 ad
530 2868 583 2912 me
594 2846 718 2913 litterae
729 2845 830 2927 debis,
845 2850 884 2912 ut
898 2870 958 2934 ego
973 2849 1103 2912 euntem
1114 2844 1230 2911 Patras
1243 2843 1345 2910 nemi·

145 2968 219 3015 uem
234 2951 465 3036 praetermitto.
510 2950 607 3032 Oura,
622 2974 699 3017 eura
717 2958 760 3033 te,
780 2954 828 3018 mi
842 2951 937 3019 Tiro:
961 2952 1113 3038 quoniam
1127 2973 1193 3016 non
1208 2950 1345 3038 contigit

145 3055 181 3119 ut
195 3052 295 3119 simul
308 3054 488 3140 navigares,
503 3053 588 3119 nihil
602 3059 650 3121 eet
665 3056 752 3141 quod
766 3055 899 3122 ieatinee
913 3078 972 3121 neo
986 3055 1164 3142 quidquam
1178 3076 1268 3120 eures
1280 3054 1344 3119 nisi

145 3159 180 3222 ut
194 3156 312 3273 valeas.
357 3156 469 3223 Etiam
488 3161 586 3244 atque
607 3158 706 3225 etiam
726 3159 806 3226 vale.
852 3181 914 3225 vn.
938 3157 1019 3225 Idus
1037 3156 1214 3226 Novembr.
1235 3155 1342 3237 Aetia,

143 3278 277 3347 vesperr.

176 3424 202 3473 1.
219 3421 359 3489 quamquo]
385 3422 462 3472 ‘than
473 3423 552 3473 that':
571 3424 715 3487 ephttx,
768 3422 1065 3474 Itiafoundinrltt.xiv.
1080 3425 1141 3484 1,2,
1154 3423 1340 3482 aeritereoepi·

146 3488 168 3549 1,
183 3490 209 3549 3,
231 3488 299 3545 Quod
311 3486 394 3536 acribia
407 3504 454 3537 non
471 3504 516 3551 quo
533 3490 629 3538 aliunde
645 3492 716 3538 audi-
766 3488 940 3551 qrer0;ix.18,
948 3491 971 3550 3,
978 3495 1056 3537 aotam
1063 3504 1091 3537 ne
1098 3486 1281 3550 apoa:cp.Hor.
1289 3485 1341 3536 Sat.

144 3554 199 3614 oria,
211 3554 255 3602 aad
267 3559 290 3601 te
300 3554 380 3614 iprum
386 3560 477 3615 putore
486 3568 522 3603 mo
533 3559 664 3604 attractum
674 3556 717 3615 tri,
768 3553 796 3602 ii.
811 3557 834 3615 3,
848 3556 887 3613 88,
900 3569 929 3602 ne
939 3556 974 3601 etr
985 3559 1090 3615 patruus
1104 3554 1184 3610 nrile';
1201 3550 1258 3601 Ter.
1270 3550 1338 3600 Eun.

144 3615 189 3667 te.
769 3618 797 3667 ii.
811 3621 834 3679 3,
849 3619 888 3677 97,
907 3633 989 3666 verum
1005 3633 1034 3665 ne
1046 3624 1101 3679 pore
1117 3618 1226 3680 conferor
1242 3617 1337 3677 cuipiam

176 3680 234 3731 Ciam
243 3680 401 3747 valetudinis]
420 3680 508 3732 ‘when
532 3681 719 3733 ouhavetalren
769 3685 797 3730 in
806 3698 841 3731 ma
847 3697 859 3739 ;
876 3681 959 3731 Plaut.
972 3681 1041 3731 Asin.
1054 3681 1082 3731 ii.
1092 3686 1117 3731 4.
1131 3684 1170 3742 63,
1189 3682 1300 3729 molestae
1312 3695 1342 3729 no

143 3748 205 3796 thou
221 3745 260 3807 ht,
278 3762 306 3795 aa
317 3746 331 3795 I
343 3745 407 3809 hope
419 3761 475 3859 pou
551 3748 590 3807 do,
604 3747 718 3813 feryour
770 3749 804 3796 oio
812 3762 825 3805 ,·
842 3746 932 3796 Baeeh.
943 3746 979 3795 ιιι.
996 3750 1019 3807 3,
1035 3750 1075 3806 41,
1093 3762 1122 3795 ne
1138 3747 1227 3808 aetiam
1238 3760 1343 3806 puerum

143 3808 200 3861 heal
229 3846 236 3872 ‚
260 3810 319 3861 take
340 3810 449 3875 thougt
473 3811 525 3861 aleo
551 3813 628 3862 about
654 3828 719 3877 your
768 3814 828 3860 iotae
848 3827 927 3861 cauea.
961 3810 1013 3860 But
1029 3810 1133 3874 perhaps
1150 3825 1216 3859 curer
1236 3825 1295 3873 may
1314 3809 1345 3860 be

145 3875 269 3941 'onmey.'
304 3874 358 3925 The
374 3874 482 3939 thought
497 3877 527 3927 oi
539 3876 582 3926 tho
597 3876 682 3926 writer
697 3876 719 3926 ia
768 3876 907 3939 dependent
917 3879 1024 3939 enpanti,
1036 3876 1201 3937 likesaatinaa
1211 3872 1344 3937 thoughin

159 3955 200 3991 ere
210 3956 280 3990 more
294 3940 379 4004 neatly
390 3942 520 4002 exprereed
533 3940 596 3991 than
607 3941 634 3990 in
646 3942 716 3992 Fam.
768 3940 824 3990 that
835 3956 889 3990 ease
899 3957 938 3990 we
949 3941 1037 3990 ehould
1048 3945 1135 4003 expeet
1146 3940 1240 4001 aliquid
1249 3938 1346 3988 instead

140 4004 487 4120 ...w
603 4008 721 4055 ...0
768 4002 1346 4133 eu...

176 4137 201 4185 2.
218 4087 415 4199 mo...e:reel
431 4087 719 4200 Itiemveryeidiotoflnd
768 4135 851 4184 latter.
867 4086 895 4120 er
977 4086 1018 4120 Η
1172 4084 1207 4134 Η
1326 4195 1332 4208 .

144 4196 196 4249 thia
207 4214 284 4275 uaape
294 4199 323 4250 οι
333 4198 376 4249 the
387 4206 487 4262 present
497 4198 656 4264 subjunctivo
666 4198 719 4249 ina
801 4197 940 4312 ‘mirso'
950 4200 1019 4246 datae
1028 4214 1038 4246 .·
1052 4213 1090 4263 op.
1098 4197 1198 4262 Alyzia,
1210 4197 1281 4248 Fam.
1289 4212 1343 4247 ιιι.

142 4263 296 4328 prohibitam
306 4264 610 4315 eddreeaedtoadednite
620 4278 717 4328 perron.
771 4265 795 4319 2.
809 4264 864 4326 tin„
901 4280 926 4327 p.
939 4262 1061 4315 eolmvi.
