2976 5356
495 119 647 186 ootxl.
673 120 797 205 (ΒΑΜ.
820 121 895 187 ΙΙΙ.
918 122 987 201 10).
1291 118 1354 185 199

135 288 330 357 salute—in
352 290 412 359 hac
432 293 607 380 provincia,
630 295 684 360 cui
704 297 743 361 tu
762 293 942 382 praefuisti,
963 295 1108 382 rogando
1129 293 1353 381 deprecatoris,

145 392 323 461 laborando
352 395 536 482 propinqui,
567 397 757 465 auctoritate
791 398 857 465 cari
885 397 1036 477 hominis,
1065 401 1105 464 ut
1133 419 1236 483 spero,
1266 399 1354 483 apud

144 497 303 578 civitates,
328 499 488 586 grautate
514 500 715 586 imperatoris
741 506 964 589 suscepturum
984 502 1088 568 officia
1111 505 1209 586 atque
1234 505 1353 586 partes.

146 599 267 666 Omnia
281 602 355 668 volo
367 625 387 669 a
397 626 449 669 me
464 608 497 670 et
507 605 649 690 postules
658 608 691 671 et
701 609 881 692 exspectes:
905 605 1033 671 vincam
1047 604 1128 670 meis
1142 603 1253 670 officiis
1267 604 1354 690 cogi·

147 704 286 770 tationes
295 708 379 771 tuas.
423 707 456 770 2.
480 706 521 778 Q.
533 708 689 774 Servilius
703 709 872 795 perbreves
886 709 968 775 mihi
982 731 1002 774 a
1016 713 1049 774 te
1063 708 1188 774 litteras
1201 707 1353 788 reddidit,

144 829 229 892 quae
244 808 329 873 mihi
343 815 452 875 tamen
468 810 566 876 nimis
575 811 694 896 longae
704 812 791 878 visae
806 816 901 878 sunt:
924 812 1077 877 iniuriam
1092 811 1178 876 enim
1193 810 1274 875 mihi
1285 810 1355 876 fieri

148 910 315 995 putabam,
330 935 404 978 oum
418 913 565 1000 rogabar.
597 914 730 980 Nollem
746 915 1047 1001 accidissettempus
1061 915 1169 1000 inquo
1178 914 1355 1000 perspicere

148 1036 255 1099 posses
270 1016 385 1101 quanti
399 1022 442 1097 te,
464 1018 578 1104 quanti
592 1018 797 1104 Pompeium,
813 1041 909 1104 quem
923 1041 1027 1085 unum
1042 1042 1082 1084 ex
1097 1017 1246 1083 omnibus
1260 1017 1355 1096 facio,

149 1124 185 1184 ut
210 1117 323 1199 debeo,
348 1118 491 1205 plurimi,
519 1123 635 1206 quanti
658 1121 800 1187 Brutum
822 1122 981 1188 facerem:
1005 1142 1201 1208 quemquam
1222 1120 1258 1186 in
1280 1141 1355 1185 oon-

150 1222 324 1288 suetudine
348 1223 511 1289 cotidiana
536 1225 759 1309 perspexisses,
784 1225 879 1291 sicuti
906 1226 1095 1312 perspicies:
1119 1223 1354 1308 sedquoniam

146 1324 276 1406 accidit,
301 1324 430 1413 siquid
452 1349 473 1392 a
491 1350 544 1394 me
567 1329 828 1415 praetermissum
852 1328 924 1409 erit,
945 1329 1149 1394 commissum
1172 1327 1299 1393 facinus
1322 1335 1356 1392 et

149 1428 326 1495 admissum
351 1430 488 1496 dedecus
517 1430 701 1498 confitebor.
747 1433 779 1496 3.
803 1431 1008 1518 Pomptinus,
1035 1431 1092 1517 qui
1111 1452 1131 1495 a
1150 1434 1182 1496 te
1202 1432 1357 1496 trmtatus

147 1538 195 1599 est
209 1534 390 1619 praestanti
407 1556 444 1600 ao
463 1534 623 1620 singulari
643 1536 717 1616 lide,
738 1536 829 1602 cuius
847 1536 898 1602 tui
918 1534 1064 1602 beneficii
1085 1556 1156 1599 sum
1177 1555 1237 1618 ego
1255 1533 1356 1614 testis,

149 1640 292 1722 praestat
313 1636 375 1703 tibi
394 1638 583 1704 memoriam
606 1637 928 1724 benevolentiamque
952 1661 1050 1723 quam
1068 1636 1180 1703 debet:
1204 1637 1261 1722 qui
1283 1659 1358 1703 cum

148 1739 302 1806 maximis
316 1740 382 1806 suis
396 1739 492 1807 rebus
510 1746 638 1808 coactus
658 1765 678 1807 a
695 1764 749 1808 me
768 1742 961 1808 invitissimo
976 1741 1167 1819 decessisset,
1183 1743 1303 1819 tamen,
1319 1744 1357 1805 ut

150 1842 237 1910 vidit
256 1844 411 1910 interesse
439 1849 507 1924 tua,
536 1846 751 1911 conscendens
779 1847 846 1911 iam
872 1867 990 1911 navem
1011 1842 1141 1929 Epheso
1163 1841 1357 1909 Laodiceam

149 1947 295 2013 revertit.
339 1946 485 2014 Taliata
505 1970 579 2014 cum
598 1949 706 2014 studia
727 1949 855 2015 videam
876 1947 1064 2014 habiturum
1086 1967 1152 2012 esse
1172 1946 1357 2012 innumera·

149 2048 242 2130 bilia,
256 2050 355 2137 plane
370 2049 519 2118 dubitare
542 2074 609 2118 non
628 2074 759 2138 possum
778 2053 858 2137 quin
880 2051 942 2117 tibi
961 2050 1141 2136 amplitudo
1160 2049 1224 2114 ista
1241 2048 1357 2114 sollici·

147 2155 233 2220 tudo
255 2154 370 2221 futura
398 2155 450 2221 sit.
495 2154 532 2221 si
560 2178 636 2222 vero
659 2157 766 2235 efficis,
792 2160 832 2221 ut
860 2176 1002 2221 censores
1025 2158 1183 2232 creentur,
1207 2157 1239 2218 et
1262 2152 1289 2218 si
1310 2153 1358 2218 ita

145 2257 289 2345 gesseris
310 2280 487 2339 censuram,
510 2263 600 2324 utet
623 2261 719 2326 debes
745 2264 778 2325 et
797 2263 897 2345 potes,
920 2279 987 2324 non
1008 2256 1070 2322 tibi
1091 2256 1206 2334 solum,
1222 2256 1279 2321 sed
1292 2255 1359 2321 tuis

145 2360 303 2427 omnibus
316 2361 410 2428 video
425 2362 461 2427 in
475 2366 669 2448 perpetuum
689 2385 815 2429 summo
832 2367 866 2428 te
885 2360 1044 2448 praesidio
1063 2359 1221 2426 futurum.
1267 2359 1359 2425 Illud

148 2484 267 2552 pugna
281 2467 315 2531 et
328 2465 461 2545 enitere,
482 2488 524 2531 ne
539 2466 618 2551 quid
638 2464 732 2533 nobis
750 2467 904 2554 temporis
926 2470 1125 2553 prorogetur,
1145 2468 1193 2543 ut,
1216 2484 1290 2530 cum
1305 2463 1358 2530 hic

149 2565 215 2633 tibi
239 2567 320 2633 satis
348 2567 528 2649 fecerimus,
558 2569 631 2634 istic
661 2591 788 2656 quoque
816 2574 961 2637 nostram
989 2569 1025 2635 in
1047 2574 1080 2635 te
1101 2567 1358 2634 benevolentiam

150 2692 274 2737 navare
293 2672 459 2757 possimus.
504 2676 536 2737 4.
560 2672 710 2743 Quaado
732 2673 902 2740 hominum
921 2677 1017 2759 atque
1039 2672 1190 2738 ordinum
1212 2671 1358 2737 omnium

146 2796 234 2862 erga
257 2778 292 2840 te
313 2776 430 2842 studiis
443 2775 554 2842 scribis
576 2778 619 2842 ad
637 2799 700 2856 me,
725 2778 859 2843 minime
882 2776 964 2842 mihi
986 2777 1136 2842 miranda
1159 2778 1192 2840 et
1216 2775 1358 2840 maxime

151 2878 296 2945 iucunda
310 2879 505 2959 acciderunt,
521 2881 696 2967 eademque
711 2882 754 2946 ad
769 2904 820 2947 me
830 2882 1005 2967 perscripta
1019 2883 1095 2945 sunt
1110 2900 1130 2943 a
1143 2877 1358 2944 familiaribus

150 2982 242 3050 meis.
288 2981 407 3069 Itaque
430 2984 522 3069 capio
545 3006 699 3071 magnam
722 2986 932 3071 voluptatem,
962 3005 1036 3049 cum
1058 2981 1129 3061 tibi,
1156 2982 1247 3047 cuius
1275 2980 1357 3046 mihi

150 3151 411 3268 Ελωιῖὤδσνυὶῖὶιιι]
444 3169 483 3218 ep.
505 3154 577 3204 Fam.
595 3153 687 3217 itin,
705 3160 725 3218 1,
779 3152 966 3268 pomeaffairof
978 3168 1053 3218 youra
1070 3150 1123 3202 will
1135 3151 1245 3201 redcund
1255 3156 1282 3200 tc
1293 3167 1357 3215 your

166 3234 352 3397 1ἰισὶἷριιίιιει]
385 3284 393 3309 ‘
419 3298 451 3333 ou
468 3282 550 3359 might
565 3283 630 3334 have
649 3284 726 3346 sean‚'
797 3229 952 3358 llillilricorcs
962 3280 1083 3357 vacatur]
1107 3280 1300 3355 Soullthetsss.
1330 3280 1357 3329 It

152 3346 361 3476 affirm
377 3348 664 3503 attttptffltm,
683 3413 729 3463 ι..
779 3345 1357 3477 ttffittttltttltttlllttt

151 3474 297 3538 beendone,
310 3476 359 3525 and
375 3492 392 3526 a
408 3477 651 3541 disgraoeincuned.
696 3478 727 3527 L.
779 3478 822 3526 the
848 3477 938 3527 Sancte
960 3476 1042 3525 which
1064 3474 1165 3524 decidcd
1186 3474 1230 3523 the
1251 3473 1356 3524 suitublc

150 3541 201 3591 and
220 3540 248 3591 8.
260 3540 357 3606 rightly
374 3541 457 3591 notice
467 3541 523 3591 that
537 3545 662 3592 adrnittm
682 3558 726 3592 ex·
779 3551 887 3592 moment
905 3541 946 3590 for
962 3540 1069 3603 elccting
1085 3554 1181 3588 censore
1198 3538 1266 3613 (Liv.
1284 3538 1354 3588 xxiv.

149 3605 299 3669 prusesthe
309 3605 387 3655 moral
396 3606 506 3672 liability
513 3607 628 3657 ineurrcd
638 3607 726 3673 freely,
781 3610 860 3668 10‚2;
878 3604 975 3655 xxxvii.
993 3608 1033 3667 to,
1052 3606 1086 3668 7).
1121 3602 1258 3652 Lambinus
1266 3603 1355 3652 wishes

152 3669 228 3721 stite
244 3672 388 3720 amatura
403 3686 530 3735 expresses
544 3672 588 3722 the
604 3678 675 3723 overt
689 3678 729 3722 act
779 3678 805 3721 to
816 3672 874 3721 read
884 3677 911 3719 ut
922 3686 1002 3720 umor
1019 3671 1123 3718 macru:
1142 3667 1193 3716 this
1204 3667 1356 3731 Wesenberg

150 3734 344 3801 punishsbleby
355 3734 415 3786 civil
425 3736 483 3786 lav.
780 3737 845 3799 (Em.
855 3736 912 3785 Arc.
924 3736 948 3799 6)
956 3734 1062 3794 follows,
1076 3739 1165 3795 except
1176 3732 1231 3782 thet
1243 3733 1354 3782 hercads

183 3802 210 3849 3.
227 3803 271 3864 qut
281 3815 297 3848 a
309 3808 350 3850 te.
370 3837 377 3850 .
397 3800 474 3866 fide]
524 3799 568 3851 ‘in
585 3800 629 3851 the
645 3806 724 3851 treat-
777 3816 862 3850 creerr.
896 3799 939 3849 He
961 3805 1078 3849 accounts
1093 3798 1134 3847 for
1150 3797 1193 3846 the
1212 3797 1355 3859 corruption

150 3870 220 3915 ment
230 3864 259 3916 of
275 3865 359 3914 whom
374 3880 425 3930 you
441 3865 505 3915 heve
520 3867 648 3917 rcdecmed
663 3883 727 3931 your
778 3866 811 3929 by
823 3864 959 3929 supposing
969 3864 1026 3913 that
1036 3863 1079 3912 the
1090 3861 1224 3926 archetype
1234 3862 1353 3911 hadcens.

151 3930 372 3995 vardmcstfully
382 3930 431 3979 and
441 3930 568 3996 signdlyss
775 3946 860 3991 arcere,
878 3929 981 3979 whence
996 3928 1072 3992 easily
1089 3943 1157 3977 came
1173 3942 1245 3977 cerus.
1263 3942 1357 3986 errem

183 3997 320 4045 moriam
335 3994 569 4061 remotarumque]
606 3998 725 4044 ‘remem·
777 3994 953 4060 subsequently
973 4009 1012 4041 ·re
1027 4008 1078 4041 was
1095 3992 1187 4041 altered
1201 3990 1255 4041 into
1272 4007 1289 4039 n
1306 3994 1354 4054 (cp.

146 4059 726 4125 bmsndbearstovardsyouthatgoodvill)
778 4061 848 4109 Fam,
868 4058 896 4108 ii.
913 4062 951 4118 16,
971 4062 992 4118 l,
1012 4057 1105 4105 lateret
1120 4056 1160 4105 for
1174 4056 1279 4119 batert),
1296 4056 1357 4105 then

182 4127 277 4192 esaar]
310 4124 616 4188 ‘instancesofsupport'
775 4130 828 4173 tot
845 4139 896 4173 was
911 4123 990 4173 added
1006 4138 1057 4171 ·ur.
1095 4120 1206 4171 Butthis
1222 4119 1358 4184 multiplica

183 4193 244 4255 quta
257 4229 264 4241 .
279 4228 285 4240 .
300 4228 307 4242 .
313 4191 405 4256 futura
415 4189 461 4256 rit]
481 4189 606 4240 ‘thatthis
615 4188 723 4239 trouble·
774 4188 932 4254 hypotheses.
