2976 5356
137 839 202 903 214
484 837 650 908 ecura
677 838 802 923 (nnn.
825 838 902 906 m.
927 837 996 924 11).

136 1012 241 1079 venio.
272 1009 369 1083 Quod
383 1013 425 1078 ad
439 1033 492 1078 me
506 1013 599 1097 qnasi
613 1012 752 1079 formam
766 1011 987 1079 communium
1000 1015 1186 1099 temporum
1199 1013 1236 1079 et
1248 1009 1357 1077 totins

135 1115 184 1181 rei
197 1114 346 1201 publicae
358 1114 474 1181 misisti
493 1137 684 1201 expressm
705 1115 878 1202 prudentia
902 1115 1087 1182 litterarum
1105 1119 1241 1182 tuarum
1254 1114 1356 1182 valde

136 1217 219 1284 mihi
233 1222 281 1284 est
295 1222 398 1306 grata
443 1217 548 1287 Video
564 1219 651 1286 enim
666 1222 700 1286 et
713 1219 857 1306 pericula
870 1218 1001 1299 leviora,
1016 1239 1117 1305 quam
1130 1216 1302 1307 timebam,
1317 1220 1355 1284 et

136 1322 259 1388 maiore
273 1321 443 1408 praesidia,
458 1322 487 1388 si
500 1323 643 1408 quidem,
665 1326 704 1389 ut
725 1322 845 1403 scribis,
868 1343 980 1388 omnes
1001 1321 1086 1388 vires
1100 1319 1293 1401 civitatinse
1307 1320 1353 1386 ed

136 1424 285 1511 Pompeii
298 1424 432 1491 ductum
447 1426 699 1512 applicaverunt,
715 1431 872 1512 tuumque
886 1425 983 1491 simul
997 1427 1186 1511 promptum
1199 1422 1352 1490 animum

137 1533 170 1596 et
184 1529 322 1594 alacrem
336 1530 484 1615 perspexi
506 1531 548 1596 ad
570 1530 809 1597 defendendam
831 1552 900 1596 rem
921 1527 1095 1615 publicam,
1111 1527 1352 1614 mirificamque

136 1631 207 1717 cepi
220 1632 421 1716 voluptatem
436 1653 477 1698 ex
491 1630 553 1698 hae
566 1636 625 1698 tua
638 1632 822 1720 diligentia,
837 1633 925 1719 quod
935 1633 972 1697 in
981 1631 1117 1698 summis
1130 1629 1198 1696 tuis
1213 1652 1350 1716 occupa·

137 1733 281 1801 tionibus
293 1733 376 1799 mihi
389 1737 499 1801 tamen
514 1735 563 1802 rei
573 1735 721 1822 publicae
734 1740 857 1803 statum
871 1758 930 1821 per
943 1739 977 1802 te
991 1739 1107 1801 notum
1121 1756 1190 1801 esse
1204 1734 1348 1802 voluisti.

138 1837 227 1904 Nam
242 1837 521 1929 augrualeslibros
535 1839 578 1905 ed
588 1861 760 1905 commune
774 1841 943 1926 utriusque
957 1843 1104 1905 nostrum
1118 1837 1227 1904 otium
1241 1858 1349 1904 serra:

137 1962 199 2028 ego
214 1940 312 2020 enim,
327 1962 347 2005 a
361 1943 394 2006 te
408 1963 482 2007 oum
496 1946 555 2007 tua
568 1943 726 2029 promissa
742 1965 801 2030 per
818 1943 945 2010 litteras
959 1941 1160 2029 flagitabam,
1176 1942 1222 2008 ad
1235 1940 1349 2008 urbem

137 2049 171 2110 te
195 2044 422 2110 otiosissimum
440 2066 507 2111 esse
528 2044 718 2114 arbitrabar.
763 2045 862 2113 Nunc
885 2049 1005 2126 tamen
1026 2051 1065 2112 ut
1085 2045 1155 2132 ipse
1175 2044 1348 2132 polliceris,

137 2169 196 2234 pro
211 2147 421 2233 augruelibue
434 2148 527 2214 libris
548 2150 709 2216 orationes
730 2154 803 2215 tuae
824 2149 986 2216 conlectae
1007 2170 1119 2215 omnes
1141 2146 1346 2234 exspectabo.

139 2252 170 2317 5.
193 2250 237 2316 D.
253 2249 391 2332 Tullius,
407 2251 460 2317 oui
472 2253 628 2319 mandata
648 2252 693 2319 ad
705 2275 759 2320 me
773 2253 901 2332 dedisti,
916 2273 983 2318 non
996 2255 1191 2319 convenerat
1208 2274 1274 2332 me,
1288 2272 1349 2319 neo

139 2353 292 2421 oratiam
309 2353 480 2440 quisquam
498 2377 625 2422 mecum
643 2360 774 2422 tuorum
793 2361 921 2442 praeter
939 2376 1051 2421 omnes
1069 2376 1169 2434 meos,
1189 2355 1250 2441 qui
1270 2360 1349 2421 sunt
1362 2388 1396 2399 -

140 2480 251 2525 omnes
264 2458 323 2524 tui.
368 2457 639 2524 Stomachosiores
653 2481 742 2525 meas
755 2459 880 2525 litterae
891 2480 972 2544 quas
982 2457 1070 2524 dieas
1085 2480 1152 2524 esee
1165 2479 1236 2523 non
1248 2456 1347 2524 intel·

139 2564 225 2648 lego.
270 2559 330 2626 Bis
345 2563 388 2627 ed
402 2565 434 2626 te
450 2563 570 2648 scripsi,
586 2585 638 2628 me
652 2584 798 2649 purgans
816 2562 1000 2648 diligenter,
1016 2565 1048 2627 te
1062 2561 1177 2627 leviter
1191 2583 1346 2628 accusans

140 2667 176 2731 in
190 2687 237 2745 eo,
253 2666 339 2749 quod
354 2666 395 2730 de
409 2688 461 2730 me
476 2667 538 2730 cito
554 2666 759 2732 credidisses:
783 2667 871 2752 quod
885 2689 988 2750 genus
1001 2665 1162 2750 querellae
1176 2665 1261 2731 mihi
1276 2665 1347 2751 qui·

141 2772 214 2834 dem
229 2768 400 2834 videbatur
421 2791 487 2834 esse
510 2770 623 2834 amici:
647 2770 700 2835 sin
721 2770 783 2835 tibi
797 2771 953 2856 displicet,
973 2792 1040 2834 non
1059 2775 1135 2834 utar
1149 2791 1186 2834 eo
1202 2768 1346 2855 posthae.

140 2873 206 2939 Sed
220 2873 256 2953 ei,
273 2877 310 2937 ut
326 2872 444 2948 scribis,
461 2895 518 2938 eae
532 2874 659 2940 litterae
680 2897 747 2940 non
769 2874 903 2940 fuerunt
918 2874 1066 2950 disertae,
1083 2873 1161 2938 seito
1176 2895 1268 2938 meas
1283 2895 1348 2938 non

142 2977 250 3042 fuisse.
295 2975 346 3041 Ut
368 2977 455 3041 enim
476 2976 684 3042 Aristarchus
705 2976 845 3042 Homeri
869 2999 998 3042 versum
1021 2980 1130 3061 neget,
1157 2998 1256 3060 quem
1280 2997 1346 3040 nou

142 3079 267 3166 probat,
284 3079 328 3144 sio
342 3079 503 3144 tu-libet
517 3080 604 3145 enim
627 3081 709 3145 mihi
722 3081 951 3165 iocari-quod
965 3080 1120 3145 disertum
1135 3100 1203 3144 non
1218 3078 1292 3158 erit,
1307 3100 1348 3145 ne

141 3184 265 3269 putaris
279 3206 398 3249 meum.
443 3183 527 3251 Vale
547 3188 579 3250 et
594 3185 628 3249 in
644 3207 787 3264 censura,
809 3184 837 3250 si
856 3184 923 3250 iem
944 3206 978 3249 es
996 3204 1116 3260 censor,
1132 3185 1171 3248 ut
1186 3203 1293 3268 spere,
1307 3183 1348 3249 de

142 3309 262 3373 proavo
276 3287 417 3351 multum
432 3287 573 3373 cogitato
588 3293 654 3352 tuo.

176 3492 200 3534 4.
217 3488 286 3547 quasi
297 3485 415 3551 sormam]
451 3485 533 3534 ‘what
550 3485 563 3534 1
581 3485 661 3548 might
673 3486 720 3534 eall
771 3486 817 3548 Ep.
837 3485 929 3546 ccxiii,
951 3484 1034 3534 where
1052 3484 1165 3539 itseeds
1184 3485 1251 3534 dedit
1271 3489 1371 3535 Anto-

143 3551 226 3612 aplan
238 3550 265 3599 of
275 3550 318 3599 the
333 3550 402 3598 crisis
419 3566 456 3599 we
471 3567 512 3599 are
529 3551 564 3611 in,
581 3551 630 3599 and
640 3551 668 3599 of
678 3551 721 3600 the
771 3555 845 3612 caium,
870 3552 918 3600 and
941 3550 1025 3599 Baiter
1046 3549 1201 3614 conjectures
1219 3551 1254 3600 D.
1272 3554 1370 3600 Aute-

143 3614 719 3678 wholestateotpoliticselearlysketchedout.’
770 3619 846 3663 etitem.

144 3681 229 3728 Cicero
242 3680 311 3728 often
326 3696 382 3727 uses
399 3687 575 3740 tenrpaemeum
588 3680 614 3728 in
631 3681 718 3743 epeak·
803 3696 861 3741 quas
883 3678 960 3745 dicer]
1004 3679 1034 3728 ‘I
1058 3683 1149 3728 cannot
1170 3678 1247 3728 think
1269 3679 1371 3729 which

143 3746 187 3808 ing
208 3744 236 3794 of
257 3743 296 3793 his
317 3744 481 3805 banishurent,
499 3761 552 3807 op.
573 3746 636 3794 Sest.
657 3748 718 3793 12³:
770 3744 839 3793 these
856 3745 939 3793 letters
955 3744 983 3793 of
999 3745 1065 3793 mine
1082 3760 1127 3793 can
1146 3744 1177 3792 be
1195 3743 1283 3794 which
1301 3760 1358 3809 you

143 3810 194 3858 also
210 3816 299 3870 tempus
312 3810 437 3873 generally
452 3810 492 3857 for
506 3809 584 3859 ‘honr
597 3809 625 3858 of
638 3809 718 3872 peril,'
771 3810 817 3857 call
831 3809 966 3859 somewhat
982 3808 1078 3873 ungry,’
1100 3808 1184 3857 ‘shut
1199 3808 1287 3858 letters
1302 3824 1360 3874 you

143 3874 272 3923 Arch.12.
309 3875 382 3930 Quasi
393 3875 414 3922 ie
429 3876 488 3923 used
500 3874 562 3922 with
570 3875 717 3937 metaphors,
769 3890 840 3922 mesu
863 3875 899 3938 by
919 3891 959 3936 my
981 3891 1059 3936 onpry
1076 3873 1160 3931 onee’f
1182 3873 1246 3923 such
1266 3874 1290 3924 is
1309 3873 1362 3924 the

143 3939 185 3986 the
203 3939 330 4001 metaphor
344 3938 371 3987 in
384 3940 467 3999 formo
485 3938 559 4002 being
573 3940 628 3987 that
643 3939 671 3988 of
687 3955 719 3987 an
769 3939 836 3988 force
852 3940 880 3988 of
896 3938 939 3987 the
955 3940 1060 4003 subject.

143 4003 284 4053 architect’s
297 4003 399 4053 sketeh:
418 4020 456 4067 ep.
471 4003 540 4051 Fam.
552 4003 580 4052 ii.
594 4006 618 4064 8,
634 4007 656 4064 l,
670 4002 717 4067 Ep.
802 4002 915 4069 disertae]
950 4002 1189 4066 ‘well-expressed,'
1214 4002 1352 4053 somewhat

142 4067 187 4116 eci.
768 4068 817 4117 less
843 4069 905 4117 than
932 4071 1060 4130 eloquent:
1094 4083 1132 4130 cp.
1160 4067 1272 4123 Quintil.
1295 4066 1349 4119 vii‘a

175 4135 208 4180 oct
229 4131 319 4198 artem]
353 4148 392 4195 ep.
417 4132 487 4181 Fam.
511 4132 548 4182 iii.
573 4136 596 4193 8,
624 4137 645 4192 l,
670 4133 716 4196 Ep.
768 4148 861 4195 proem.
881 4137 917 4194 13,
932 4136 1019 4181 diemo
1033 4135 1093 4180 eatis
1109 4135 1186 4181 dicere
1202 4149 1263 4195 qaae
1279 4148 1347 4195 oper·

141 4197 230 4245 oexxii.
770 4205 839 4245 teat:
867 4205 949 4246 mate
970 4204 1048 4246 autem
1069 4198 1145 4245 dicere
1161 4200 1296 4259 propriaue
1315 4204 1347 4247 ed

175 4265 198 4311 5.
218 4264 251 4310 Ι).
276 4261 380 4327 Tedliue]
416 4261 448 4310 So
470 4277 509 4309 we
530 4262 588 4311 read
607 4262 669 4310 with
690 4261 715 4310 Η
768 4265 960 4324 eloquentissimi.

141 4325 181 4375 ior
202 4329 261 4375 dicit
286 4328 391 4375 Tullium
413 4328 440 4375 of
462 4326 498 4374 M.
545 4327 571 4375 It
586 4326 635 4374 had
655 4327 717 4375 been
798 4327 899 4393 proavo]
919 4326 1052 4391 Generally
1066 4325 1218 4377 ‘aueestor’:
1233 4325 1345 4390 ep.Hor.

141 4391 241 4456 edready
259 4392 415 4456 conjectured
434 4391 468 4455 by
485 4394 493 4437 t
498 4390 570 4451 lrelli,
589 4391 638 4439 and
659 4393 716 4440 read
767 4393 798 4440 A.
814 4392 842 4441 P.
857 4393 913 4444 270.
947 4391 1043 4455 Appius
1054 4391 1173 4441 Claudius
1186 4390 1292 4452 Caecus,
1305 4392 1346 4442 the

141 4456 174 4517 by
192 4456 275 4505 Baiter
292 4458 341 4504 and
359 4457 444 4506 Klotz.
479 4455 559 4504 There
580 4455 602 4504 ie
623 4472 715 4520 every
767 4457 867 4516 Censor,
887 4473 937 4505 was
958 4457 1037 4521 really
1059 4461 1166 4506 tritavus
1188 4457 1218 4507 ol
1237 4456 1346 4508 Cicero't

140 4521 233 4570 similar
244 4521 385 4584 corruption
399 4521 426 4570 in
443 4520 470 4569 M
483 4529 509 4569 at
521 4521 590 4570 Fam.
603 4520 638 4570 iii.
652 4526 676 4580 6,
690 4524 714 4584 t,
766 4523 962 4586 correspondent.
