2976 5356
142 844 208 910 aas
449 842 717 910 acerram.
744 840 867 927 (aaa
891 840 972 909 xa
997 844 1044 927 a).

143 1016 273 1104 publica
294 1017 425 1096 socium,
448 1016 488 1081 de
510 1038 576 1102 qua
597 1015 685 1080 idem
707 1015 874 1094 sentimus,
896 1019 931 1082 et
951 1015 988 1081 in
1008 1014 1172 1082 cotidiana
1187 1015 1260 1083 vita
1280 1038 1360 1084 oon·

143 1121 302 1200 iunctum,
318 1143 416 1207 quam
430 1120 483 1185 his
497 1119 621 1185 artibus
635 1119 813 1204 studiisque
826 1118 970 1185 eclimus.
1015 1117 1145 1186 Vellem
1158 1118 1207 1184 ita
1220 1118 1359 1187 fortuna

145 1225 281 1304 tulisset,
306 1234 355 1302 ut,
380 1225 496 1310 quanti
519 1245 580 1308 ego
606 1245 717 1289 omnes
745 1226 818 1287 tuos
847 1221 941 1301 facio,
967 1221 1053 1287 tanti
1075 1226 1114 1287 tn
1136 1243 1227 1289 meos
1250 1223 1361 1291 faeere

143 1350 271 1414 posses:
295 1328 382 1413 quod
397 1333 507 1392 tamen
520 1327 639 1411 ipsum,
654 1325 836 1410 nesciaque
850 1329 1015 1410 permotus
1029 1324 1131 1391 animi
1140 1325 1355 1407 divinatione,

143 1453 210 1497 non
225 1432 367 1516 despero.
413 1429 479 1496 Sed
492 1430 554 1495 hoo
568 1428 653 1494 nihil
661 1430 764 1495 adte:
788 1432 936 1494 nostrum
950 1433 998 1494 est
1012 1451 1103 1494 onus.
1148 1427 1242 1495 Illud
1255 1429 1354 1497 velim

144 1534 189 1600 sie
202 1532 332 1613 habeas,
354 1535 440 1619 quod
460 1533 641 1619 intelleges,
664 1533 724 1598 hao
745 1555 781 1599 re
800 1536 920 1597 novata
941 1533 1089 1598 additum
1104 1533 1214 1617 potius
1228 1532 1354 1620 aliquid

144 1639 186 1703 ed
201 1661 310 1703 meum
325 1660 404 1724 erga
425 1642 459 1703 te
479 1635 633 1715 studium,
656 1658 720 1721 quo
741 1634 826 1701 nihil
847 1634 1018 1701 videbatur
1038 1636 1114 1701 addi
1135 1656 1240 1721 posse,
1255 1658 1353 1723 quam

144 1742 321 1826 quidquam
336 1764 403 1806 esse
416 1741 608 1805 detractum.
654 1738 739 1805 (lum
754 1738 834 1804 haec
853 1737 1039 1816 scribebam,
1058 1760 1223 1804 censorem
1239 1739 1308 1805 iam
1320 1744 1355 1807 te

143 1867 210 1909 esse
225 1844 403 1929 sperabam.
449 1843 500 1909 Eo
514 1843 642 1909 brevior
655 1847 704 1909 est
719 1842 854 1929 epistole
871 1846 914 1922 et,
932 1847 970 1907 ut
988 1843 1142 1908 adversus
1157 1842 1352 1929 magistrum

143 1971 281 2028 morum,
297 1948 480 2015 modestior.

256 2400 517 2469 COLXXVIII.
563 2398 732 2467 CICERO
755 2399 814 2468 ΤΟ
838 2399 957 2468 CATO
983 2400 1089 2488 (Fau.
1113 2422 1171 2468 xv.
1197 2405 1241 2487 s).

290 2594 557 2678 sar‘rsuasa(?);
587 2617 618 2659 A.
636 2616 669 2659 u.
687 2617 714 2659 c.
733 2614 800 2670 που
826 2618 855 2660 a.
874 2618 900 2660 c.
918 2616 968 2675 ⁵⁰3
992 2619 1067 2663 aar.
1092 2621 1152 2665 cre.
1173 2622 1218 2669 se.

192 2784 228 2832 M.
249 2783 334 2832 Cicero
351 2797 464 2845 magnam
482 2796 507 2829 se
524 2796 554 2829 ex
567 2779 604 2828 Μ.
618 2779 718 2830 Catonis
734 2781 874 2832 laudatione
891 2783 1044 2847 voluptatem
1061 2788 1198 2851 percepisse
1210 2791 1350 2853 profitetur,

142 2866 260 2928 petitque,
274 2865 295 2912 si
308 2868 389 2911 lavere
400 2861 507 2910 nolucrit
518 2863 544 2909 in
556 2861 712 2924 adipiscendo
722 2863 856 2926 triumpho,
874 2865 961 2914 saltem
973 2872 1009 2926 ut,
1023 2867 1045 2916 si
1055 2868 1216 2931 adipiscatur,
1231 2873 1347 2936 gaudeat,

143 2948 239 3010 Scripta
251 2945 353 3008 epistola
364 2949 401 2992 est
414 2943 495 2992 Sidae.

486 3096 524 3151 Μ.
546 3096 676 3150 CICERO
695 3097 722 3152 S.
742 3097 777 3151 D.
796 3098 835 3152 Μ.
856 3099 999 3154 CATONI.

208 3249 236 3311 1.
261 3248 376 3310 Laetus
398 3267 464 3308 sam
487 3248 610 3307 laudari
628 3267 674 3308 rae
690 3245 798 3331 inquit
813 3246 938 3313 Hector
952 3249 1066 3334 opinor
1080 3253 1170 3336 apud
1184 3252 1346 3322 Naevium

141 3353 193 3414 aba
215 3357 252 3429 te,
265 3356 365 3430 peter,
387 3371 405 3411 c
428 3351 550 3410 leuato
573 3351 646 3411 siro.
692 3348 745 3412 Ea
764 3354 813 3414 est
833 3352 920 3415 enim
942 3352 1085 3436 profecto
1103 3354 1247 3422 iucunda
1268 3359 1348 3439 laus,

141 3476 223 3538 quae
239 3453 280 3517 ab
296 3453 335 3516 iis
350 3450 570 3536 proficiscitur,
587 3450 644 3534 qui
659 3449 721 3535 ipsi
740 3452 775 3515 in
797 3453 894 3518 laude
910 3455 1071 3521 vixerunt.
1116 3456 1192 3544 Ego
1207 3483 1283 3527 vero
1298 3463 1346 3528 vel

141 3557 359 3641 gratulatione
389 3555 570 3618 litterarum
593 3561 723 3619 tuarum
745 3557 797 3620 vel
819 3558 1012 3623 testimoniis
1038 3562 1219 3628 sententiae
1245 3566 1347 3632 dictae

141 3660 224 3723 nihil
240 3658 389 3742 estquod
405 3680 456 3720 me
472 3679 536 3719 non
552 3657 739 3722 adsecutum
760 3664 892 3743 putem3
920 3661 1017 3746 idque
1032 3662 1113 3727 mihi
1128 3686 1203 3731 cum
1219 3670 1345 3754 amplis·

141 3764 259 3828 simum
280 3767 351 3826 tum
379 3760 600 3845 gratissimum
624 3766 681 3840 est,
708 3766 740 3826 te
766 3762 906 3828 libenter
933 3765 1092 3831 amicitiae
1115 3767 1241 3837 dedisse
1264 3773 1346 3857 quod

173 3951 243 3996 praem
262 3971 268 3981 .
289 3969 295 3980 .
316 3969 322 3980 .
341 3930 449 3996 celiane]
486 3931 584 3979 ‘which
601 3947 638 3980 we
660 3948 716 3994 pass
801 3937 822 3980 l.
843 3933 1016 4047 Laetuasmnp
1042 3936 1191 3988 Atroohaic
1208 3946 1346 3992 tetrameter

140 3998 166 4046 in
176 4000 244 4047 these
256 3998 349 4045 studies
358 3997 407 4045 and
417 3996 552 4057 pureaits‘:
566 4013 604 4058 ep.
614 3996 712 4046 Lucret.
765 3997 831 4047 from
841 3999 884 4046 the
897 3998 991 4047 Hector
1014 4000 1164 4051 ’reficiscens
1177 4004 1206 4053 of
1216 4005 1241 4054 N
1243 4008 1335 4057 aerius.

140 4080 165 4112 v.
190 4066 258 4122 1150,
282 4066 305 4109 ei
324 4065 396 4109 celere
415 4077 501 4107 (reeens.
538 4060 578 4109 He
597 4064 672 4109 rcl'ers
689 4068 716 4111 to
798 4064 994 4129 Hccteropinor]
1029 4065 1075 4114 Sec
1089 4082 1122 4115 on
1138 4069 1195 4118 Att.
1215 4070 1235 4120 i.
1255 4075 1345 4135 19,10,

140 4127 206 4175 their
228 4142 340 4175 couuuon
364 4126 457 4174 studies
479 4125 506 4172 iu
528 4126 633 4187 augurat
655 4126 712 4186 law,
766 4125 814 4189 Ep.
828 4143 888 4175 xxv.

140 4193 238 4240 alluded
257 4200 282 4239 to
304 4192 381 4239 above
401 4190 427 4237 in
448 4192 478 4236 iis
501 4192 598 4238 stadiis.
799 4193 850 4252 Epo
864 4192 930 4256 sero]
966 4192 995 4241 ‘I
1010 4209 1056 4242 can
1067 4210 1152 4245 assure
1165 4199 1346 4265 you’—avery

169 4264 291 4317 permotae
308 4258 383 4302 arriani
400 4255 557 4318 discretione]
595 4253 717 4317 ‘inspired
767 4256 890 4318 emphatic
904 4259 1059 4319 expression:
1078 4276 1116 4323 cp.
1131 4261 1218 4312 Madv.
1232 4268 1289 4327 454,
1300 4266 1347 4316 and

140 4321 173 4384 by
185 4338 199 4369 a
211 4321 304 4381 feeling
316 4320 343 4367 cf
354 4318 497 4382 propheey.¹
766 4326 824 4369 note
837 4336 869 4368 011
881 4321 943 4369 Fam
954 4321 990 4369 iii.
1006 4327 1044 4383 12,
1059 4326 1082 4381 2,
1095 4325 1145 4388 Ep.
1159 4328 1260 4380 cclxxv,

171 4390 232 4446 praeit
244 4384 303 4448 iat]
340 4385 405 4432 ‘aud
417 4384 466 4431 this
478 4399 527 4446 you
539 4382 591 4431 will
603 4383 661 4431 sce)
799 4386 949 4450 aetermam]
967 4403 1002 4436 sc.
1016 4388 1086 4437 Fam.
1100 4406 1143 4438 xv.
1157 4396 1181 4451 ὃ,
1196 4393 1245 4457 Ep.
1256 4395 1346 4446 cclxvi.

172 4452 252 4497 lucre
266 4447 363 4513 uetusta]
401 4448 465 4496 ‘this
482 4449 600 4496 donrestic
614 4447 714 4496 revolu-
798 4450 985 4516 amplissimum]
1031 4454 1283 4523 ‘eomplimantary’;
1313 4463 1345 4510 ιε.

138 4514 190 4563 tion
208 4515 301 4576 having
318 4513 461 4561 oecurred‘:
483 4527 517 4560 sc.
537 4512 578 4560 the
595 4512 716 4575 marriage
766 4515 845 4575 quido,
867 4515 1002 4579 ‘clea1·ly’:
1023 4533 1061 4579 cp.
1078 4518 1149 4568 Fam.
1162 4538 1187 4569 x.
1204 4527 1243 4583 10,
1261 4528 1289 4583 13
1310 4525 1344 4575 xi,

138 4581 165 4627 ol
185 4579 276 4627 'l'ullia
312 4578 392 4626 Thera
411 4593 488 4625 seems
508 4593 523 4624 a
542 4577 600 4639 play
619 4592 650 4626 on
673 4577 715 4626 the
767 4582 806 4637 21,
827 4580 850 4630 7.
885 4578 990 4629 Watson
1007 4581 1103 4646 rightly
1120 4585 1216 4635 notices
1232 4588 1289 4638 that
1305 4589 1347 4640 the

138 4644 249 4706 politica]
261 4660 330 4691 sense
342 4644 370 4691 el
380 4659 464 4690 uasere
476 4658 520 4688 res.
766 4651 880 4692 sentence
898 4645 1011 4693 contains
1030 4664 1045 4695 a
1063 4647 1141 4708 slight
1157 4653 1303 4714 expression
1320 4655 1347 4705 oi

171 4711 227 4772 pree]
264 4716 269 4736 ¹
279 4717 304 4757 to
316 4707 416 4766 which,’
430 4707 468 4754 lia
484 4704 624 4754 ‘u'hithen'
766 4707 905 4757 discontent
914 4726 920 4757 ι
937 4714 943 4736 ‘
952 4726 1001 4773 you
1014 4713 1110 4773 praised
1119 4730 1160 4764 me
1168 4732 1202 4765 no
1210 4733 1278 4768 mora
1287 4719 1345 4768 than

764 4773 807 4822 the
818 4773 883 4821 facts
894 4776 1049 4824 constrained
1061 4793 1111 4840 you
1123 4787 1149 4828 to
1160 4781 1210 4830 do.5
1247 4783 1280 4832 In
1292 4787 1345 4835 stt.

170 4837 231 4885 This
242 4837 314 4885 letter
327 4836 349 4885 is
362 4836 389 4884 in
404 4851 500 4884 auswer
511 4841 536 4885 to
549 4835 618 4885 Fam.
631 4851 674 4885 rr.
689 4837 712 4898 5,
764 4837 808 4885 vii.
822 4840 846 4896 2,
861 4840 883 4900 7,
897 4838 945 4902 Ep.
958 4840 1064 4902 ccxciii„
1079 4842 1166 4894 Cicero
1176 4862 1236 4912 says
1246 4848 1275 4898 of
1286 4848 1347 4900 Cata

135 4902 184 4967 Ep.
198 4900 286 4952 cclxvi.
764 4901 819 4951 that
830 4903 861 4952 ha
873 4919 924 4952 was
935 4907 961 4952 te
973 4921 1008 4954 mc
1019 4908 1208 4968 {saeratissimua
