2976 5356
139 832 202 899 16⁰
533 826 630 894 oon.
655 826 776 911 (arr.
808 825 847 894 ν.
870 825 939 912 er).

137 1003 240 1070 animi
262 1003 384 1070 crimen
413 1001 562 1068 futurum
591 1001 642 1067 sit.
687 999 813 1068 Verum
843 998 923 1066 haee
951 998 1144 1067 videbimus.
1190 1001 1222 1066 4.
1247 999 1347 1083 Illud,

136 1108 226 1195 quod
239 1107 408 1194 polliceris,
422 1106 521 1172 velim
543 1127 601 1192 pro
623 1108 681 1170 tua
700 1103 766 1170 fide
786 1103 1020 1191 diligentiaque
1034 1108 1068 1170 et
1082 1125 1141 1191 pro
1154 1107 1270 1171 nostra
1283 1126 1349 1172 uon

136 1211 298 1290 instituta,
309 1211 363 1277 sed
372 1210 439 1276 iam
449 1208 630 1274 inveterata
644 1207 788 1274 amicitia
802 1230 893 1273 oures
904 1213 933 1273 et
947 1207 1082 1289 enitare,
1097 1213 1136 1274 ut
1152 1208 1349 1296 supplioatio

138 1313 232 1380 nobis
245 1335 344 1400 quam
358 1312 678 1379 honorificentissime
690 1333 788 1397 quam
804 1311 1011 1398 primumque
1020 1312 1223 1379 decernatur.
1271 1310 1348 1379 Om-

138 1417 217 1483 nino
232 1417 333 1483 serius
346 1416 421 1482 misi
436 1416 560 1482 litteras
574 1437 673 1502 quam
687 1415 804 1482 vellem
818 1437 826 1480 ε
849 1415 885 1480 in
899 1436 964 1501 quo
978 1436 1053 1481 oum
1068 1415 1244 1482 difficultas
1257 1414 1348 1482 navi·

138 1521 242 1608 gandi
256 1519 321 1586 tuit
336 1519 455 1599 odiosa,
469 1524 541 1586 tum
564 1524 597 1584 in
617 1518 724 1606 ipsum
747 1518 919 1584 dmoessum
939 1523 1070 1585 senatus
1086 1518 1239 1585 ineidisse
1254 1518 1348 1586 oredo

139 1646 228 1690 meas
251 1623 383 1689 litteras.
427 1622 493 1689 Sed
518 1622 554 1688 id
578 1622 641 1688 feei
662 1623 821 1689 adduotus
842 1621 1033 1688 auctoritate
1059 1627 1092 1689 et
1111 1623 1246 1689 oonsilio
1271 1628 1347 1692 tuo:

139 1727 238 1814 idque
261 1750 281 1793 a
303 1749 356 1793 me
380 1731 465 1793 reote
491 1727 614 1792 factum
639 1729 729 1812 puto,
755 1726 843 1812 quod
864 1747 931 1791 uon
955 1725 1074 1805 statim,
1101 1729 1140 1791 ut
1166 1725 1347 1812 appellatur

139 1830 316 1917 imperator
329 1830 401 1911 sim,
421 1830 478 1896 sed
500 1829 573 1895 aliis
592 1829 688 1897 rebus
712 1830 833 1896 additis
858 1828 1051 1915 aestivisque
1067 1828 1224 1896 coniectis
1238 1829 1346 1896 literar

141 1933 293 2000 miserim.
338 1933 433 2000 Haeo
446 1933 549 2019 igitur
563 1932 625 2000 tibi
639 1937 735 1999 erunt
755 1956 860 2013 aurae,
876 1956 973 2020 quem
987 1934 1030 1999 ad
1044 1933 1180 2000 modum
1195 1932 1345 2013 ostendis,

140 2059 256 2123 meque
269 2041 376 2104 totum
390 2041 422 2104 et
436 2059 509 2103 mea
523 2041 556 2104 et
570 2058 659 2103 meos
673 2038 913 2104 commendatos
926 2034 1072 2104 habebis.

1264 2226 1340 2411 ill

294 2456 390 2524 con.
436 2455 607 2524 CICERO
630 2456 689 2524 ΤΟ
713 2455 915 2524 ATTIOUS
945 2457 1044 2542 (Am.
1068 2479 1102 2523 w.
1127 2459 1189 2543 21).

437 2676 468 2718 A.
487 2676 519 2719 U.
537 2676 564 2718 C·
582 2673 651 2733 7043
676 2676 705 2719 B.
723 2676 750 2720 C.
767 2673 818 2733 503
843 2675 916 2720 ΑΕΤ.
934 2675 994 2719 clo.
1011 2674 1053 2722 66.

190 2857 227 2906 M.
241 2856 326 2906 Cicero
336 2855 448 2906 Atticum
458 2855 486 2905 in
497 2855 602 2919 Epirum
617 2856 713 2906 salvum
731 2857 826 2907 venisse
845 2859 944 2922 gaudet,
963 2859 1047 2909 abesse
1058 2874 1117 2910 vere
1129 2859 1210 2910 Roma
1221 2860 1300 2911 dolet:
1316 2859 1342 2909 ds

140 2939 220 2990 Cassii
232 2938 307 3002 legati
317 2938 407 2988 litteris
418 2939 448 2986 ad
460 2946 573 2988 senatum
584 2938 673 3002 missis,
687 2939 747 2989 item
758 2940 788 2988 de
799 2939 858 3001 suis,
872 2940 902 2989 da
914 2939 999 2990 Bibuli
1009 2940 1099 2990 litteris
1110 2941 1193 2991 adhuc
1204 2942 1340 2992 mittendis:

141 3028 241 3071 veretur
251 3036 283 3069 ne
294 3020 341 3068 sibi
351 3018 478 3082 provincia
488 3026 642 3083 prorogetur,
655 3020 702 3069 etsi
713 3037 782 3070 secus
793 3021 917 3071 existimet
928 3021 1035 3082 Atticus,
1049 3023 1080 3071 de
1090 3021 1181 3072 litteris
1192 3023 1274 3074 Attici
1284 3023 1313 3074 sd
1321 3037 1343 3072 se

142 3103 214 3162 datis,
228 3103 258 3151 de
270 3101 394 3165 Cibyratis
405 3101 531 3164 pantheris
543 3117 558 3149 s
569 3101 606 3149 M.
621 3101 724 3151 Octavio
738 3102 861 3166 expetitis,
879 3104 909 3153 de
925 3103 1075 3154 abstinentis
1091 3119 1136 3152 sua
1151 3105 1307 3167 provinciali,
1318 3103 1344 3153 de

141 3182 303 3246 praefecturis
314 3182 341 3231 in
352 3180 479 3244 prouincia
490 3181 639 3243 constitutis,
658 3183 689 3231 de
704 3182 836 3234 itineribus
852 3200 895 3247 per
905 3184 991 3234 Asiam
1001 3184 1075 3235 factis
1091 3192 1117 3235 et
1127 3186 1209 3236 adhue
1221 3185 1342 3246 iaciendis,

141 3265 172 3313 de
183 3265 283 3313 decessu
300 3279 352 3323 suo,
372 3264 402 3311 da
418 3263 497 3311 causis
517 3271 543 3312 et
559 3263 666 3327 negotiis
684 3264 720 3312 M.
738 3264 832 3328 Scaptii
847 3281 863 3315 a
879 3264 957 3316 Bruto
973 3265 1021 3315 sibi
1038 3267 1345 3329 commendamentum

142 3343 290 3394 domesticis.
326 3341 429 3406 Scripsit
440 3342 575 3393 Laodiceae
587 3343 674 3393 Idibus
686 3345 835 3396 Februariis.

557 3525 689 3579 CICERO
708 3527 839 3582 ATTICO
858 3528 934 3583 SAL.

210 3676 240 3739 l.
264 3673 312 3739 Te
336 3673 370 3738 iu
395 3672 533 3759 Epirum
560 3674 686 3739 salvum
710 3675 834 3742 venisse
857 3681 900 3758 et,
923 3682 961 3742 ut
982 3676 1104 3759 soribis,
1127 3700 1169 3744 ex
1190 3677 1347 3746 sententie

142 3779 312 3865 navigasse
341 3776 551 3842 vehementer
580 3779 725 3863 gaudeo:
760 3801 825 3845 nou
855 3802 922 3846 esse
951 3780 1076 3847 Romae
1104 3804 1177 3848 meo
1208 3789 1347 3869 tempore

143 3879 377 3968 pernecessario
393 3878 586 3945 submoleste
602 3880 680 3961 fero,
703 3881 764 3947 hoo
785 3905 837 3949 me
858 3887 968 3950 tamen
991 3885 1134 3952 consolor
1148 3908 1236 3952 uuo:
1261 3906 1347 3973 spem

77 4055 80 4063 ,
143 3992 176 4051 te
200 3986 273 4050 istic
298 3984 438 4049 iucunde
460 3983 602 4049 hiemare
625 3990 657 4050 et
683 3983 822 4051 libenter
846 3988 1049 4073 requiescere.
1096 3990 1126 4054 2.
1151 3988 1187 4054 Ο.
1213 3988 1348 4068 cautu,

143 4088 246 4153 frater
262 4086 303 4158 Q.
321 4086 431 4166 Cassii,
449 4086 618 4151 familiaris
632 4088 692 4167 tui,
715 4090 921 4173 pudentiores
938 4092 1012 4157 illas
1031 4093 1156 4158 litteras
1175 4093 1349 4159 miserat-

143 4192 316 4278 dequibus
336 4195 374 4256 tu
398 4213 438 4256 ex
458 4212 510 4256 me
530 4190 668 4276 requiris
690 4193 770 4276 quid
792 4192 853 4259 sibi
873 4196 1176 4282 voluerint—quam
1191 4219 1257 4278 eas,
1273 4217 1349 4283 quas

175 4381 200 4426 4.
225 4380 252 4425 in
271 4379 350 4437 ipsum
370 4377 495 4424 discessum
513 4375 624 4441 serratus]
667 4376 721 4427 The
770 4379 1148 4447 familyareassignedtoyour
1159 4382 1235 4432 aare)

144 4442 233 4492 Senatu
245 4442 305 4490 used
316 4441 450 4504 generally,
469 4441 515 4489 but
525 4448 569 4489 net
579 4441 681 4506 always,
694 4449 721 4492 to

143 4508 191 4557 rise
208 4508 235 4555 in
251 4507 293 4556 the
310 4506 396 4555 mouth
414 4506 441 4554 et
452 4505 522 4567 April
538 4505 622 4569 owing
635 4514 661 4555 to
678 4508 721 4555 the
806 4514 829 4559 l.
848 4527 894 4559 urse
928 4511 1153 4576 Thisistheoonj.
1167 4511 1195 4561 ot
1212 4511 1349 4563 Madaro

143 4579 213 4637 great
233 4571 338 4620 number
360 4571 387 4619 of
408 4569 522 4619 festivals
538 4571 587 4619 and
611 4571 720 4621 comitial
771 4589 825 4634 surr,
851 4575 934 4625 which
959 4577 1041 4626 would
1063 4576 1163 4625 involve
1191 4592 1207 4625 a
1234 4578 1303 4641 pieee
1322 4575 1349 4626 of

143 4639 204 4701 days
220 4636 247 4685 in
263 4636 319 4685 that
337 4634 433 4684 month.
772 4639 885 4702 ἀγροικία
896 4640 1032 4704 altogether
1039 4641 1104 4690 alien
1112 4640 1179 4691 frum
1186 4641 1349 4692 themumrars

175 4709 246 4749 erevit
267 4736 273 4747 .
291 4738 297 4749 .
313 4737 319 4748 .
339 4698 446 4764 babebis]
481 4699 524 4748 the
540 4699 618 4761 polite
634 4699 721 4750 future
772 4705 821 4752 aud
833 4705 959 4755 character
970 4706 997 4755 of
1008 4705 1103 4755 Cicero.

146 4766 220 4816 ‘You
231 4765 283 4814 will
295 4764 382 4829 kindly
393 4764 478 4813 attend
489 4763 533 4813 to.’
805 4772 828 4817 2.
851 4771 1016 4836 prestantiores]
1056 4771 1078 4820 is
1104 4771 1266 4836 predicativa,
1292 4770 1349 4822 ‘the

176 4846 257 4892 raeque
274 4837 348 4878 totum
368 4866 373 4877 .
390 4866 395 4877 .
411 4829 611 4894 ‚corrrrrrcndaloq
648 4834 720 4895 ‘my·
771 4832 1160 4887 letterwhiohhawruteismore
1167 4838 1264 4888 modest
1271 4835 1347 4897 than(

143 4895 192 4946 aelf
211 4894 316 4959 entirely
338 4894 387 4943 and
409 4910 452 4959 my
473 4893 586 4944 fortunas
608 4895 657 4944 aad
678 4912 721 4961 my
772 4898 817 4947 &a
