2976 5356
144 816 208 882 146
499 815 652 882 corna
679 816 801 902 (rasa
827 816 906 883 ra
929 815 999 902 ra).

146 990 282 1058 victoria
294 994 388 1058 tanta
401 989 523 1056 clarum
542 993 637 1056 tuum
654 990 831 1056 adventum
846 990 915 1056 fore
933 989 1099 1078 intellego.
1146 989 1213 1058 Sed
1227 991 1256 1058 si
1269 1013 1351 1078 quse

143 1098 220 1161 sunt
235 1116 332 1160 onera
345 1097 487 1174 tuorum,
510 1093 538 1158 si
559 1096 652 1160 tanta
673 1096 760 1172 sunt,
782 1096 821 1158 ut
843 1115 882 1159 ea
895 1093 1052 1161 sustinere
1067 1095 1179 1181 possis,
1195 1117 1348 1182 propera:

139 1197 224 1263 nihil
237 1196 299 1263 tibi
314 1196 375 1262 erit
388 1196 520 1277 lautius,
538 1196 622 1263 nihil
642 1195 834 1283 gloriosius:
857 1196 908 1262 sin
926 1197 1059 1279 maiora,
1074 1198 1244 1266 considera
1257 1222 1300 1266 ne
1313 1199 1349 1266 in

141 1301 373 1367 alienissimum
402 1304 530 1386 tempus
560 1301 654 1366 cadat
683 1300 843 1366 adventus
870 1304 957 1366 tuus.
1007 1299 1121 1367 Huius
1156 1302 1206 1368 rei
1242 1307 1348 1371 totum

140 1403 310 1471 consilium
325 1408 419 1469 tuum
434 1408 504 1470 cst:
526 1407 566 1470 tu
585 1403 673 1470 enim
694 1403 754 1469 scis
769 1403 849 1489 quid
866 1403 1024 1470 sustinere
1037 1404 1149 1491 possis.
1195 1403 1234 1472 Si
1247 1411 1346 1494 potes,

138 1507 303 1574 laudabile
326 1511 423 1594 atquc
443 1508 598 1594 populare
623 1511 692 1574 est:
716 1507 767 1573 sin
789 1506 887 1592 plane
908 1529 975 1573 non
989 1511 1091 1594 potes,
1113 1507 1231 1576 absens
1244 1510 1346 1577 homi-

138 1635 220 1678 num
239 1633 399 1677 sermones
421 1611 549 1676 facilius
569 1609 749 1677 sustinebis.
795 1613 825 1676 5.
849 1609 901 1677 De
926 1633 980 1677 me
1001 1616 1111 1678 autem
1130 1613 1219 1680 idem
1241 1618 1346 1680 tecum

138 1715 190 1781 his
205 1737 266 1802 ago
280 1714 407 1795 litteris,
430 1715 516 1800 quod
537 1713 753 1800 superioribus
773 1714 836 1802 egi,
858 1718 897 1780 ut
914 1737 1025 1781 omnes
1039 1721 1112 1782 tuos
1127 1738 1246 1784 nervos
1261 1717 1298 1783 in
1311 1738 1346 1784 sc

138 1819 322 1899 contendas,
341 1841 383 1885 ns
401 1818 481 1904 quid
499 1817 582 1884 mihi
601 1816 747 1884 adhunc
772 1818 982 1904 provinciam,
1000 1840 1100 1904 quam
1120 1823 1154 1884 et
1168 1826 1303 1886 sanatus
1316 1824 1347 1887 et

137 1922 276 2009 populus
298 1943 441 1988 annuam
463 1943 530 1987 esse
547 1921 662 2001 voluit,
685 1921 839 2008 temporis
861 1929 1063 2008 prorogetur.
1109 1920 1281 1990 Hecate
1302 1923 1347 1990 ita

138 2025 306 2104 contendo,
321 2028 359 2091 ut
373 2024 408 2089 in
424 2046 461 2090 eo
476 2024 623 2090 fortunas
642 2047 730 2090 meas
749 2024 871 2111 positas
892 2030 1014 2111 putem.
1059 2024 1176 2092 Habes
1191 2024 1346 2093 Paullum

137 2134 283 2196 nostrum
295 2128 397 2194 nostri
416 2128 679 2215 cupidissimum:
702 2134 751 2195 est
772 2127 882 2210 Citrio,
902 2135 951 2195 est
972 2129 1127 2195 Furnius.
1175 2129 1231 2197 Sic
1249 2131 1346 2197 velim

138 2233 270 2312 enitare,
287 2231 379 2318 quasi
398 2232 433 2296 in
457 2253 494 2297 co
519 2230 585 2297 sint
607 2230 689 2297 mihi
714 2232 832 2298 omnia.
879 2234 909 2298 6.
933 2233 1129 2299 Extremum
1143 2233 1230 2300 illud
1244 2240 1296 2300 cst
1308 2234 1346 2301 ds

137 2336 188 2417 iis,
203 2358 285 2422 quae
299 2357 536 2422 proposueram,
552 2335 753 2402 confirmatio
772 2339 900 2402 nostrae
920 2336 1092 2417 amicitiae,
1107 2338 1149 2403 de
1164 2359 1232 2424 qua
1246 2337 1347 2425 pluri·

136 2438 197 2506 bus
212 2440 317 2506 verbis
330 2438 415 2504 nihil
429 2461 509 2524 opus
523 2443 580 2505 est.
612 2437 665 2505 Tu
678 2461 759 2526 puer
772 2461 824 2505 mc
838 2439 1001 2526 appetisti,
1018 2462 1079 2526 ego
1094 2444 1207 2507 autam
1221 2462 1348 2528 semper

138 2546 326 2610 omamsnto
346 2547 379 2608 te
398 2542 479 2608 mihi
498 2543 567 2608 fore
589 2542 678 2608 duxi.
724 2542 832 2609 Fuisti
853 2543 952 2610 etiam
973 2543 1133 2630 praesidio
1154 2544 1349 2611 tristissimis

137 2650 217 2714 meis
232 2645 440 2733 temporibus.
484 2646 629 2713 Accessit
643 2652 715 2733 post
735 2652 830 2713 tuum
850 2648 1023 2713 discessum
1043 2648 1254 2715 familiaritas
1269 2647 1349 2715 mihi

139 2775 213 2817 oum
237 2751 342 2816 Bruto
367 2756 424 2815 tuo
448 2751 599 2815 maxima.
645 2751 762 2836 Itaque
786 2751 822 2816 in
847 2757 951 2817 vestro
977 2752 1109 2839 ingenio
1132 2757 1165 2818 et
1187 2752 1349 2819 industria

139 2854 221 2920 mihi
235 2855 413 2940 plurimum
427 2859 460 2920 et
474 2854 642 2920 suavitatis
657 2859 690 2920 et
705 2855 876 2942 dignitatis
891 2854 1101 2920 constitutum
1115 2860 1207 2941 puto.
1254 2854 1299 2922 Id
1312 2862 1349 2922 tu

140 2963 177 3024 ut
198 2963 254 3024 tuo
276 2959 382 3024 studio
405 2958 582 3038 confirmes,
605 2962 638 3024 te
659 2957 867 3024 vehementer
888 2980 966 3045 rogo
988 2958 1176 3044 litterasque
1191 2959 1234 3024 ad
1249 2982 1304 3026 ms
1318 2963 1350 3026 st

139 3062 292 3127 continuo
306 3062 418 3128 mittas
432 3067 475 3142 et,
491 3083 564 3127 oum
579 3060 720 3127 Romam
735 3061 871 3142 veneris,
886 3085 985 3147 quam
1000 3063 1194 3147 saepissime.

171 3282 242 3315 assem
255 3265 360 3331 tucrssm]
394 3269 411 3314 i.
420 3282 441 3315 e.
456 3267 623 3328 prosecutions
638 3267 666 3316 of
676 3267 716 3316 his
765 3267 913 3331 advocating
928 3266 968 3316 bis
984 3265 1103 3330 triumph,
1117 3266 1189 3316 Fam.
1202 3266 1259 3317 viii.
1275 3270 1348 3329 11,2.

139 3331 234 3381 friends
262 3332 319 3392 (and
342 3331 473 3395 especially
494 3331 522 3380 of
547 3332 586 3380 his
608 3332 715 3390 brother,
766 3332 814 3395 Ep.
828 3332 926 3382 cclxvii.
961 3331 994 3380 In
1004 3331 1047 3381 the
1060 3332 1120 3381 civil
1131 3347 1184 3380 war
1200 3332 1232 3381 he
1247 3348 1350 3397 appears

140 3396 171 3452 Q.
196 3395 303 3456 Cassius,
325 3396 382 3444 who
403 3396 450 3444 had
472 3395 535 3445 been
556 3402 670 3459 quaestor
689 3397 717 3446 cf
766 3414 799 3448 on
809 3397 853 3446 the
864 3397 914 3446 side
926 3396 953 3445 cf
964 3395 1061 3457 Cacsar,
1076 3398 1129 3445 Att.
1140 3396 1176 3444 ix.
1190 3400 1214 3456 6,
1228 3401 1256 3446 6.

139 3460 290 3524 Pompeius),
313 3460 354 3509 for
372 3460 495 3510 extortion
518 3461 567 3510 and
588 3461 650 3511 such
666 3461 718 3511 lile
799 3466 824 3510 6.
837 3463 915 3510 Bruto
928 3460 978 3526 tac]
1014 3461 1112 3511 Cassius
1128 3461 1236 3511 married
1252 3462 1350 3512 asistar

139 3525 255 3575 offences.
768 3526 796 3577 of
808 3526 909 3576 Brutus.

166 3588 295 3654 popsslars]
342 3589 440 3638 ‘which
476 3589 529 3639 will
561 3591 643 3653 plesse
675 3590 718 3640 tho
801 3594 926 3653 Itaque..
941 3590 1025 3656 ‚paatc]
1053 3590 1350 3655 ‘accordingly,1think

143 3654 249 3717 pecple.’
767 3655 823 3705 that
833 3656 860 3704 in
877 3671 940 3720 your
955 3656 1045 3705 talenta
1060 3657 1108 3705 and
1122 3656 1248 3705 exertions
1260 3656 1274 3705 l
1287 3656 1350 3705 have

173 3721 197 3768 5.
216 3717 336 3782 Firmius]
378 3717 463 3768 Cicero
479 3718 572 3783 always
588 3719 675 3769 loohod
691 3726 718 3769 tc
767 3737 854 3785 avery
865 3721 932 3784 largo
946 3720 1010 3769 fund
1022 3721 1050 3769 of
1068 3721 1180 3783 pleasant
1197 3721 1351 3770 interamne

140 3783 248 3832 Furnius
269 3789 296 3833 to
314 3789 417 3845 prevent
443 3783 482 3832 his
504 3799 561 3833 cam
581 3791 669 3834 tenura
690 3784 718 3834 of
767 3786 816 3834 and
827 3801 928 3834 renoun
939 3786 1019 3835 storcd
1030 3802 1063 3848 up
1075 3785 1115 3834 for
1125 3802 1168 3850 my
1180 3785 1347 3861 enioy-ment!

142 3848 211 3898 office
225 3847 300 3910 being
319 3848 448 3908 extended,
466 3848 562 3912 though
573 3849 605 3898 hc
617 3866 667 3899 was
679 3856 723 3898 not
771 3850 824 3899 Tha
836 3850 927 3900 talenta
942 3851 990 3900 and
1005 3850 1127 3899 exertious
1142 3851 1172 3899 ot
1181 3850 1285 3900 Cassius
1296 3848 1350 3899 will

141 3913 250 3963 satisfied
261 3911 323 3962 with
339 3912 382 3962 the
401 3913 445 3961 bill
464 3913 572 3977 brought
587 3914 614 3962 in
631 3930 663 3964 on
679 3914 722 3964 the
770 3931 873 3977 procuro
882 3916 989 3964 Cicero's
998 3915 1088 3979 speedy
1096 3924 1191 3975 return,
1205 3916 1256 3964 sud
1266 3915 1348 3964 thera-

142 3980 212 4041 point
224 3982 272 4041 (cp.
286 3979 339 4026 Ata.
352 3994 378 4027 v.
392 3981 415 4034 2,
434 3982 456 4038 l,
474 3978 522 4040 Ep.
541 3979 661 4037 clxxxv.;
682 3983 720 4039 18,
772 3980 807 4044 by
817 3987 909 4029 restore
924 3979 976 4029 him
993 3986 1019 4029 tc
1037 3979 1076 4028 bis
1093 3979 1188 4029 friends
1203 3981 1254 4029 and
1269 3979 1350 4030 tutha

142 4048 164 4100 3,
190 4043 237 4105 Ep.
262 4043 360 4099 ccxiv.;
391 4043 427 4091 ri.
447 4046 470 4103 1,
496 4048 534 4103 11,
559 4044 607 4106 Ep.
633 4044 721 4106 cclii).
773 4060 861 4108 proper
876 4045 964 4109 sphera
979 4044 1006 4094 in
1023 4044 1105 4094 which
1121 4044 1153 4094 he
1171 4061 1219 4095 can
1234 4042 1350 4095 vincul

143 4109 252 4157 Furnius
274 4107 316 4157 did
338 4108 401 4171 good
420 4106 512 4157 service
534 4118 560 4158 to
589 4108 674 4159 Cicero
696 4109 723 4157 in
773 4125 884 4160 renown.
