2956 4866
133 328 199 394 000
498 324 687 392 cccxiv.
713 323 831 409 (Am.
863 273 931 391 Vr
946 327 995 408 0).

135 502 273 586 dignum
302 504 408 586 putat.
462 499 597 565 Etenim
630 504 679 564 est
706 496 797 578 levis,
827 496 1030 578 libidinosus,
1059 504 1171 585 tagam
1229 497 1262 563 2.
1292 496 1345 567 De

134 606 234 670 fratre
254 607 363 670 autem
382 604 524 688 primum
543 602 627 668 illud
644 603 711 667 est:
733 601 919 687 persuaderi
937 600 968 669 ei
987 623 1053 668 non
1073 623 1166 687 posse
1183 599 1344 671 arbitror:

133 708 204 773 odit
218 709 305 773 enim
324 707 533 792 provinciam.
579 705 626 771 Et
640 705 768 771 hercule
788 704 873 769 nihil
892 704 1042 786 odiosius,
1057 703 1143 771 nihil
1163 704 1342 775 molestius.

134 809 273 890 Deinde,
300 815 339 876 ut
363 810 445 876 mihi
471 809 555 875 nolit
580 830 710 894 negare,
739 807 897 894 quidnam
921 809 987 875 mei
1012 809 1055 874 sit
1083 809 1210 875 officii?
1258 808 1343 878 Cum

133 913 256 980 bellum
277 936 345 979 esse
364 914 399 978 in
419 911 516 998 Syria
537 934 695 1000 magnum
717 915 860 998 putetur,
880 911 915 977 id
933 912 1083 979 videatur
1101 912 1138 978 in
1159 912 1248 979 hano
1268 936 1342 1001 pro·

134 1018 273 1083 vinciam
288 1021 489 1103 erupturum,
501 1016 553 1082 hio
567 1015 720 1102 praesidii
729 1014 814 1081 nihil
825 1015 877 1096 sit,
889 1019 1038 1103 sumptus
1052 1039 1182 1083 annuus
1196 1018 1343 1085 decretm

133 1123 186 1201 sit,
201 1122 391 1187 videaturne
411 1127 470 1186 aut
489 1121 618 1207 pietatis
639 1142 706 1186 esse
725 1142 816 1185 meae
837 1119 972 1186 matrem
992 1119 1175 1205 relinquere
1193 1126 1255 1187 aut
1268 1120 1340 1188 ddi·

134 1225 264 1312 gantiae
289 1247 451 1311 nugarum
477 1225 602 1310 aliquid
625 1223 831 1308 relinquere?
883 1222 1010 1311 Magna
1034 1223 1149 1312 igitur,
1176 1230 1217 1291 ut
1241 1224 1340 1307 vides,

134 1308 350 1395 sollieitudine
365 1328 504 1407 adficior,
519 1349 640 1415 magna
654 1327 765 1413 inopia
778 1326 913 1392 consilii.
955 1325 1046 1398 Quid
1060 1327 1217 1413 quaeris?
1259 1326 1340 1397 Toto

134 1432 265 1518 negotio
278 1430 372 1498 nobis
385 1454 466 1516 opus
480 1453 546 1496 non
562 1430 637 1497 fuit.
682 1428 815 1501 Quanto
835 1434 893 1495 tua
912 1431 1078 1516 provincia
1092 1431 1228 1499 meliorl
1276 1430 1341 1501 Da·

134 1536 235 1615 cedes,
251 1558 325 1600 cum
344 1535 441 1615 voles,
459 1534 522 1600 nisi
544 1533 628 1600 forte
649 1533 716 1600 iam
738 1533 918 1600 decessisti:
941 1556 1039 1619 quem
1058 1535 1236 1617 videbitur,
1251 1558 1339 1623 prae-

135 1639 220 1704 ficies
245 1637 454 1724 Thesprotiae
480 1642 513 1703 et
538 1637 711 1703 Chaoniae.
765 1636 916 1730 Necdum
946 1644 1056 1703 temen
1085 1660 1147 1725 ego
1178 1638 1340 1711 Quintum

133 1762 354 1821 conveneram,
373 1742 506 1821 utiam,
526 1741 554 1807 si
573 1742 609 1807 id
629 1741 779 1827 placeret,
800 1740 923 1821 scirem,
945 1746 1094 1827 possetne
1116 1741 1160 1808 ab
1180 1764 1219 1809 co
1241 1742 1339 1831 impe·

134 1844 223 1923 trari,
249 1867 309 1910 nec
334 1849 453 1924 tamen,
476 1845 504 1910 si
529 1849 645 1930 posset,
672 1845 751 1930 quid
776 1844 894 1911 vellem
918 1843 1088 1911 habebam.
1133 1846 1167 1910 3.
1190 1844 1271 1912 Hoc
1294 1852 1340 1915 est

133 1948 236 2033 igitur
251 1948 319 2013 eius
333 1948 431 2014 modi.
477 1947 617 2033 Reliqua
636 1949 734 2034 plena
752 1946 856 2014 adhuc
871 1951 904 2013 et
918 1947 1025 2013 laudis
1040 1953 1073 2013 et
1087 1949 1225 2035 gratiae,
1241 1949 1340 2037 digna

133 2050 174 2116 iis
187 2050 288 2131 libris,
305 2073 385 2137 quos
404 2056 442 2117 tu
457 2051 615 2117 dilaudas.
661 2051 874 2117 Conservatae
894 2051 1051 2131 civitates,
1072 2052 1238 2118 cumulate
1259 2052 1339 2139 pub·

134 2155 247 2220 lisania
268 2155 346 2219 satis
368 2154 501 2234 iactum,
527 2154 669 2220 offensus
692 2155 887 2221 contumelia
910 2177 1016 2234 nemo,
1042 2156 1171 2223 decreto
1197 2157 1286 2223 iusto
1306 2162 1339 2225 et

133 2280 242 2323 severo
263 2257 425 2344 perpauci,
440 2280 500 2323 neo
521 2262 631 2323 temen
653 2258 833 2343 quisquam,
850 2262 887 2323 ut
901 2258 992 2344 queri
1013 2260 1142 2339 audeat,
1157 2282 1210 2326 res
1231 2263 1340 2347 gestae

133 2361 253 2446 dignae
266 2360 441 2446 triumpho,
453 2361 494 2426 de
505 2383 568 2447 que
583 2361 653 2447 ipso
667 2360 752 2426 nihil
766 2360 880 2447 cupide
896 2383 1040 2447 agemus,
1051 2361 1121 2429 sine
1134 2366 1193 2429 tuo
1209 2364 1341 2449 quidem

132 2464 265 2530 consilio
287 2469 372 2529 certe
393 2463 487 2529 nihil.
533 2464 687 2530 Clausule
705 2469 754 2530 est
768 2464 907 2531 difficilis
927 2465 966 2530 in'
982 2466 1141 2532 tradenda
1162 2466 1340 2552 provincia.

133 2568 198 2634 Sed
223 2568 301 2633 haec
327 2570 405 2632 deus
431 2567 547 2653 aliquis
568 2567 773 2654 gubernabit.
818 2571 850 2633 4.
874 2568 926 2633 De
948 2567 1081 2635 urbanis
1101 2568 1199 2636 rebus
1221 2570 1343 2637 scilicet

134 2671 228 2756 plura
242 2676 280 2735 tu
295 2671 365 2749 scis,
382 2671 507 2756 caepim
521 2675 554 2735 et
569 2672 704 2736 certiora
718 2671 829 2737 audis:
852 2672 1002 2757 equidem
1017 2672 1109 2738 doleo
1124 2696 1191 2738 non
1207 2696 1260 2739 mc
1276 2674 1343 2741 tuis

133 2774 250 2840 litteris
264 2774 431 2839 ce1tiorem
445 2773 524 2838 ficri.
567 2773 646 2839 Huo
661 2774 749 2840 enim
763 2775 873 2841 odiosa
887 2775 1116 2841 adferebantur
1130 2777 1171 2841 de
1187 2776 1343 2856 Curione,

134 2881 174 2944 de
193 2878 319 2956 Paullo,
335 2899 401 2942 non
422 2900 485 2963 quo
507 2877 613 2942 ullum
634 2878 813 2963 periculum
833 2879 961 2944 videam
983 2885 1089 2944 stante
1112 2880 1270 2966 Pompeio
1292 2881 1345 2949 vol

133 2982 231 3047 etiarn
258 2982 407 3045 sedente:
435 2981 541 3046 vulcat
563 2981 677 3045 modo:
705 2983 760 3047 sed
782 2981 963 3048 mehercule
989 2982 1139 3048 Curionis
1163 2990 1198 3048 et
1220 2983 1345 3065 Paulli,

133 3108 278 3150 meorum
304 3083 525 3163 familiarium,
548 3084 651 3149 vicem
677 3085 779 3151 doleo.
826 3085 980 3151 Formam
1004 3087 1106 3172 igitur
1131 3085 1215 3152 mihi
1240 3086 1345 3154 totius

167 3289 253 3356 rapax]
289 3288 563 3353 ι110101-1100000001310.
584 3296 645 3353 tayo,
670 3290 712 3339 old
795 3293 943 3341 3010000010
1000 3290 1058 3341 ‘tho
1086 3291 1250 3353 conclusion,’
1284 3292 1344 3343 ‘the

133 3356 189 3406 Lat.
224 3356 264 3404 ior
292 3361 371 3417 tureyo.
406 3354 444 3402 Pl.
470 3354 526 3403 Mil.
549 3354 584 3403 ir.
615 3357 638 3403 2.
665 3359 711 3404 102
762 3356 829 3405 wind
851 3357 904 3419 up.’
975 3372 1066 3405 ausos
1090 3359 1225 3407 κατακλείς
1251 3356 1280 3405 in
1300 3356 1344 3408 the

135 3418 712 3484 (0092);00090001000000000*οο100100000
761 3436 828 3470 semo
849 3437 933 3471 senso:
957 3423 1012 3471 Att.
1035 3421 1064 3469 ii.
1086 3425 1109 3482 3,
1135 3426 1159 3481 3,
1185 3422 1234 3484 Ep.
1260 3421 1342 3482 xxix..

133 3503 165 3535 on
176 3488 214 3535 sor
225 3485 267 3535 thc
278 3500 383 3546 purpose
398 3483 425 3531 of
436 3483 574 3548 pilfcring,’
587 3501 607 3532 e.
615 3501 640 3546 9.
654 3485 710 3535 lllil.
762 3485 844 3533 where
855 3502 895 3535 sco
907 3492 972 3535 noto.
1008 3485 1166 3548 Perhupswc
1180 3485 1344 3537 shouldrcod

132 3551 208 3610 iii‘l,
224 3553 252 3598 10
267 3552 343 3613 (823).
762 3553 895 3601 κατακλεῐς
911 3551 978 3611 here,
992 3551 1040 3599 and
1051 3552 1138 3613 regard
1154 3553 1266 3599 clancula
1284 3566 1312 3601 us
1326 3568 1343 3602 a

166 3620 190 3664 2.
209 3613 433 3678 00000100000000]
459 3613 533 3676 ‘only
542 3612 585 3662 the
594 3613 710 3678 ordinary
761 3615 841 3677 gloss:
855 3631 939 3664 accon
950 3617 1003 3664 Au.
1016 3615 1034 3663 i.
1050 3620 1088 3672 13,
1104 3619 1125 3674 1,
1140 3616 1189 3678 Ep.
1203 3615 1259 3664 xix.

133 3679 242 3743 supplies
258 3680 297 3727 for
308 3678 351 3727 tho
363 3678 440 3742 year,’
458 3677 511 3741 just
526 3693 553 3725 os
568 3678 595 3726 in
607 3680 659 3727 Art..
672 3680 708 3726 vi.
793 3685 816 3728 4.
838 3681 947 3746 Cepione,
959 3679 1056 3743 Paullo]
1086 3679 1229 3729 W'hou'ero
1237 3679 1342 3745 playing

133 3749 156 3805 2,
175 3749 198 3806 7,
218 3745 265 3807 Ep.
289 3742 371 3803 ccliv„
398 3746 503 3790 10010000
525 3746 709 3804 quatriduumce
762 3743 873 3793 (lucsar's
884 3761 955 3808 gome
966 3744 993 3792 in
1004 3745 1091 3793 Romo.

133 3826 217 3859 urceus
230 3810 300 3868 ‘only
311 3808 380 3856 three
391 3823 419 3855 or
429 3808 487 3855 tour
498 3808 585 3871 doye’:
604 3824 644 3857 seo
655 3808 707 3856 also
790 3816 868 3857 clarete
886 3812 995 3870 Pompeio
1017 3811 1054 3857 ccl
1074 3812 1145 3857 etium
1162 3808 1271 3875 cedente]
1305 3809 1343 3859 ‘if

132 3892 164 3923 on
178 3880 228 3922 Art.
241 3890 266 3922 v.
283 3875 319 3928 lt.
334 3876 356 3933 3,
369 3872 415 3933 Ep.
429 3871 500 3920 ccvii.
759 3873 889 3935 Pompeius
905 3889 1030 3937 prescrvcs
1039 3873 1079 3922 his
1093 3873 1218 3922 influente
1234 3890 1264 3923 or
1280 3890 1341 3924 crau

165 3955 281 4000 creperum
293 3939 398 4000 aliquid]
423 3936 704 4001 ι000000000000100οἚ
757 3937 957 4003 hisinoetivity,’
979 3939 1134 4001 ‘lcepsfirm
1152 3939 1341 4003 orovenlreeps

133 4020 173 4053 soc
184 4021 216 4052 on
229 4008 281 4052 stt.
295 4002 329 4050 vi.
347 4006 366 4057 1,
383 4004 419 4055 lt.
434 4001 480 4063 Ep.
494 4000 558 4049 cclii.
758 4002 838 4065 quict’
850 4020 855 4050 ι
869 4020 907 4066 cp.
920 4004 961 4052 ior
971 4010 1042 4060 sture,
1057 4008 1098 4052 ‘to
1110 4003 1168 4052 hold
1180 4004 1252 4052 one’s
1263 4004 1338 4063 own,'

160 4065 299 4132 precinctu]
334 4065 401 4114 Used
413 4065 473 4113 with
488 4081 504 4114 a
519 4065 594 4128 slight
602 4082 705 4125 porcac-
758 4074 784 4114 ut
803 4073 916 4119 πτῶσις
938 4071 1044 4116 Crotum
1061 4076 1126 4116 stare
1145 4071 1266 4121 rideatur.
1286 4072 1339 4118 Att-

133 4150 207 4182 000000
227 4132 252 4180 in
272 4147 373 4179 asenec
393 4130 474 4179 which
493 4133 618 4191 prouincia
637 4130 707 4179 oltcn
756 4131 784 4180 ii.
804 4133 841 4189 17,
861 4136 884 4191 2,
904 4133 951 4195 Ep.
970 4133 1047 4187 xliia:
1067 4133 1115 4181 und
1132 4140 1223 4180 0100000
1240 4135 1339 4194 animis,

132 4199 202 4246 bears
213 4196 240 4244 in
252 4197 364 4254 Plautus,
379 4195 504 4281 ‘churqess
519 4195 707 4257 ‘department'
759 4198 813 4245 Art.
826 4213 851 4245 v.
867 4201 905 4258 18,
920 4202 943 4256 2,
956 4197 1005 4260 Ep.
1018 4197 1085 4246 cviii.

133 4261 254 4325 ·sphcrc.'
289 4259 342 4309 Tho
356 4260 458 4322 ‘sphera
483 4259 510 4308 ol
521 4260 619 4308 Atticus
632 4275 709 4308 wasa
792 4263 874 4326 cicero]
909 4261 1174 4323 ί10031000010001β
1199 4260 1341 4311 sometimes

133 4327 178 4375 life
186 4328 214 4375 ol'
225 4324 359 4375 cultivated
365 4325 455 4374 lcisuro
463 4322 517 4374 froc
524 4325 589 4373 from
598 4323 708 4387 politicnl
761 4325 845 4386 ‘like'
859 4342 887 4376 us
898 4329 951 4377 Au.
964 4344 990 4375 x.
1004 4330 1027 4383 8,
1042 4329 1065 4385 7,
1079 4329 1247 4387 Sardanapali
1260 4330 1338 4375 cicera.

132 4391 261 4441 anxictics.
785 4390 906 4457 smmum]
942 4390 1342 4457 ι00100010,01001100000000101
