2976 5356
137 864 181 929 54
531 863 630 928 001⁷.
659 864 781 948 (ΕΔΜ.
804 864 878 930 ΙΙΙ.
903 865 950 947 5).

138 1038 244 1125 magis
265 1060 324 1104 nos
349 1037 409 1103 hoc
435 1037 543 1102 animo
566 1058 752 1122 essequam
774 1059 841 1102 non
862 1037 1052 1124 intellegere
1072 1038 1233 1104 videntur.
1278 1037 1343 1105 Sed

136 1142 280 1226 profecto
299 1141 510 1226 intellegent:
533 1163 639 1225 neque
661 1141 748 1206 enim
770 1141 912 1207 obscuris
933 1144 1077 1228 personis
1098 1165 1157 1208 nee
1177 1142 1286 1228 parvis
1307 1142 1341 1208 in

137 1246 240 1310 causis
253 1268 304 1311 res
318 1249 442 1331 agetur.
487 1243 552 1309 Sed
566 1244 644 1309 haec
662 1245 732 1309 fieri
747 1245 862 1310 melius
877 1268 975 1330 quam
990 1245 1055 1312 diei
1070 1250 1127 1311 aut
1149 1244 1245 1312 scribi
1259 1245 1341 1312 volo.

137 1350 166 1413 3.
191 1347 289 1419 Quod
311 1349 466 1414 itinerum
487 1369 632 1413 meorum
653 1348 737 1413 ratio
759 1352 792 1413 te
813 1371 880 1414 non
901 1350 1028 1414 nnllam
1048 1350 1084 1415 in
1106 1348 1343 1415 dubitationem

137 1452 266 1517 videtur
280 1453 448 1531 adducere,
460 1451 629 1517 visurusne
644 1473 695 1516 me
710 1450 753 1516 sis
767 1451 802 1516 in
817 1452 993 1538 provincia,
1006 1475 1044 1518 ea
1057 1474 1108 1518 res
1122 1452 1166 1518 sio
1181 1474 1215 1517 se
1228 1451 1340 1518 habet:

137 1554 306 1620 Brundisii
324 1578 398 1621 cum
417 1554 565 1641 loquerer
579 1577 653 1621 cum
671 1553 800 1620 Phania
821 1554 937 1621 liberto
958 1560 1026 1634 tuo,
1042 1557 1117 1621 veni
1138 1556 1263 1621 ineam
1279 1578 1341 1622 ser·

136 1681 276 1740 monem,
292 1664 330 1724 ut
344 1658 483 1725 dicerem
497 1681 549 1724 me
563 1658 703 1724 libenter
717 1660 760 1724 ad
778 1680 850 1724 eam
864 1669 991 1744 partem
1004 1660 1188 1745 provinciae
1202 1660 1342 1744 primum

137 1785 204 1828 esse
226 1769 409 1843 venturum,
433 1785 496 1849 quo
518 1767 551 1828 te
575 1763 716 1828 maxime
738 1761 820 1829 velle
843 1761 1025 1828 arbitrarer.
1071 1761 1164 1828 limo
1184 1761 1268 1828 mihi
1288 1762 1343 1827 ille

138 1866 231 1945 dixit,
247 1868 335 1952 quod
349 1865 448 1932 classe
467 1871 506 1931 tu
525 1865 625 1932 velles
645 1867 806 1946 decedere,
822 1889 880 1951 per
894 1866 963 1932 fore
982 1866 1258 1932 accommodatum
1272 1864 1343 1944 tibi,

137 1970 231 2036 eiad
259 1971 352 2035 illam
377 1970 574 2036 maritimam
603 1975 730 2055 partem
759 1969 943 2056 provinciae
968 1969 1106 2036 navibus
1134 1969 1342 2034 accessissem.

137 2072 219 2139 Dixi
244 2097 296 2140 me
325 2097 391 2139 esse
422 2075 602 2140 loctunam:
634 2073 743 2160 itaque
770 2073 925 2151 fecissem,
950 2071 1015 2138 nisi
1039 2072 1121 2138 mihi
1143 2071 1184 2137 L.
1212 2071 1345 2137 Clodius

138 2183 247 2243 noster
262 2177 421 2262 Corcyrae
441 2178 575 2243 dixisset
595 2177 729 2242 minime
748 2177 783 2242 id
799 2198 867 2241 esse
882 2175 1090 2242 faciendum:
1117 2180 1151 2241 te
1166 2174 1348 2240 Laodiceae

139 2280 208 2346 lore
231 2282 273 2346 ad
287 2304 396 2347 meum
416 2282 602 2347 adventum.
647 2279 731 2345 Erat
751 2281 786 2345 id
804 2278 886 2344 mihi
907 2281 1011 2345 multo
1029 2279 1159 2345 brevius
1177 2279 1345 2363 multoque

139 2385 348 2464 commodius,
363 2407 437 2450 oum
452 2384 640 2469 praesertim
660 2388 693 2449 te
710 2384 758 2449 ita
772 2384 871 2449 malle
891 2383 1074 2449 arbitrarer.
1120 2387 1151 2447 4.
1175 2380 1248 2448 'Fue
1263 2381 1347 2447 ratio

140 2492 249 2572 postea
264 2493 312 2552 est
327 2491 532 2553 commutata.
578 2487 677 2553 Nunc
691 2487 772 2572 quid
786 2487 856 2553 fieri
871 2488 972 2572 possit
986 2493 1025 2552 tu
1039 2486 1193 2552 facillime
1208 2490 1346 2551 statues:

140 2613 200 2675 ego
215 2590 277 2656 tibi
291 2615 400 2656 meum
415 2592 584 2656 consilium
599 2614 767 2677 exponam.
807 2590 917 2657 Pridie
933 2590 1100 2656 Kalendas
1114 2589 1253 2655 Sextiles
1267 2593 1348 2675 puto

139 2717 191 2760 me
214 2694 394 2761 Laodiceae
416 2695 506 2760 fore:
530 2718 707 2781 perpaucos
727 2695 806 2774 dies,
822 2696 902 2760 dum
921 2695 1058 2780 pecunia
1079 2693 1242 2779 accipitur,
1264 2715 1350 2778 quae

140 2794 222 2859 mibi
238 2816 277 2859 ex
292 2794 421 2880 publica
441 2795 677 2880 permutatione
701 2793 844 2873 debetur,
861 2793 1089 2859 commorabor.
1134 2793 1263 2858 Deinde
1285 2792 1349 2857 iter

140 2897 258 2962 faciam
281 2901 323 2964 ad
345 2899 531 2978 exercitum,
548 2903 585 2962 ut
605 2899 730 2963 circiter
747 2897 829 2963 Idus
851 2897 989 2963 Sextiles
1008 2903 1120 2983 putem
1142 2919 1193 2961 me
1214 2897 1257 2960 ad
1275 2894 1347 2960 Ico-

141 3002 234 3066 nium
249 3002 328 3066 fore.
373 3001 438 3066 Sed
457 3002 485 3066 si
500 3002 579 3086 quid
594 3025 680 3066 nunc
694 3023 746 3066 me
767 3001 853 3066 fallit
873 3002 909 3065 in
924 2999 1246 3085 scribendo-procul
1261 2999 1349 3064 enim

142 3104 271 3169 aberam
294 3104 335 3170 ab
353 3129 387 3170 re
409 3106 480 3189 ipsa
498 3111 530 3170 et
552 3128 571 3169 a
593 3105 723 3185 loeis—,
746 3105 843 3170 simul
862 3128 899 3169 ac
917 3105 1067 3190 progredi
1089 3126 1229 3190 coepere,
1250 3124 1349 3187 quam

143 3208 315 3273 celerrimis
331 3213 446 3272 russulis
461 3214 571 3293 potero
587 3213 619 3273 et
634 3231 731 3293 quam
748 3208 946 3274 creberrimis
960 3208 1076 3273 litteris
1091 3207 1217 3286 faciam,
1234 3212 1274 3271 ut
1287 3203 1349 3270 tibi

142 3317 221 3376 nota
236 3313 278 3376 sit
297 3311 401 3376 omnis
420 3312 502 3376 ratio
518 3313 643 3376 dierum
664 3318 761 3397 atque
781 3313 936 3377 itinerum
951 3333 1106 3377 meorum.
1151 3309 1268 3375 Oneris
1288 3308 1349 3375 tibi

176 3554 200 3598 2.
219 3567 291 3612 neque
309 3587 315 3598 .
336 3589 341 3599 .
364 3589 369 3599 .
389 3551 484 3616 agetur]
510 3553 620 3602 ‘forour
637 3553 720 3600 drama

143 3615 195 3663 will
221 3621 266 3665 not
287 3616 318 3665 ba
343 3619 445 3666 anaeted
467 3616 529 3666 with
554 3617 721 3680 insignificunt

143 3680 288 3737 characters,
312 3697 357 3730 nor
382 3682 444 3731 with
472 3699 487 3730 a
513 3681 597 3731 trivial
619 3682 719 3731 theme.'

146 3746 256 3792 Obscuris
266 3749 372 3805 personis
383 3746 405 3794 is
421 3764 452 3795 an
470 3746 577 3795 ablativo
592 3746 620 3794 of
636 3753 717 3795 atten-

143 3809 407 3871 danteircumstanees,
429 3813 518 3860 ‘when
529 3812 571 3860 the
583 3812 720 3860 characters

143 3890 184 3923 are
195 3874 381 3938 insignitis-ant!
422 3876 448 3925 lt
459 3876 480 3925 is
492 3884 517 3926 to
534 3877 564 3925 be
580 3877 653 3925 noted
667 3877 720 3925 that

143 3939 186 3987 the
200 3939 322 4002 adjective
338 3941 360 3988 is
376 3941 503 3990 essential:
523 3957 561 4003 ep.
573 3941 634 3989 Juv.
648 3941 664 3988 i.
681 3945 718 3998 13,

145 4006 635 4066 ‘assiduoruptarlectoremlmnnce‚’and
643 4006 718 4054 blun-

144 4070 193 4117 ro's
204 4077 262 4118 note
273 4085 312 4132 ap.
327 4069 430 4135 Mayor;
448 4072 499 4119 nlsc
511 4070 619 4119 Wilkins
639 4087 671 4119 on
683 4073 720 4117 in·

144 4136 237 4195 aeqscob'
250 4141 341 4182 tonsore
351 4135 377 4184 in
389 4135 452 4184 Hor.
466 4135 546 4197 Epist.
559 4135 577 4184 i.
594 4140 614 4193 l,
629 4138 669 4182 94.

176 4202 216 4247 scd
235 4200 290 4246 bace
308 4237 313 4247 .
334 4235 340 4247 .
360 4238 365 4248 .
384 4201 446 4266 volo]
475 4201 537 4248 ‘but
554 4217 596 4264 my
616 4199 677 4248 wish
700 4199 721 4247 is

142 4263 197 4311 that
214 4262 282 4312 these
294 4266 324 4314 be
340 4265 427 4314 shonm
443 4266 470 4313 in
482 4265 549 4313 what
564 4265 576 4313 Ι
593 4265 624 4313 do
640 4264 722 4313 rather

143 4327 203 4375 than
214 4328 240 4376 in
253 4330 320 4378 what
331 4329 345 4377 I
357 4346 401 4393 say
413 4346 440 4379 or
451 4330 540 4378 write)

177 4396 200 4441 3.
219 4397 271 4440 reat
279 4397 304 4441 in
315 4412 499 4442 ersrnscrmoucm
509 4401 533 4441 at
545 4393 657 4458 dicerene]
679 4393 720 4440 ‘in

143 4456 185 4505 tho
197 4474 281 4507 course
292 4460 320 4507 ol
330 4476 376 4508 our
387 4459 556 4508 conversation
566 4459 578 4507 Ι
589 4475 639 4507 was
647 4458 687 4506 led
696 4465 721 4506 to

143 4525 212 4585 say':
229 4523 272 4570 the
284 4531 309 4569 ut
321 4523 342 4572 is
354 4524 514 4586 explanatory
525 4523 552 4571 of
563 4540 623 4571 curn.

176 4586 255 4651 uelle-s]
273 4589 340 4651 subj.
357 4589 384 4637 of
399 4589 511 4651 reported
527 4604 620 4646 reason,
638 4586 718 4650 Roby,

147 4653 207 4702 1744
218 4669 223 4699 :
240 4652 320 4701 ‘since
332 4669 358 4701 as
369 4654 400 4701 he
411 4653 464 4701 said
475 4668 525 4716 you
537 4652 648 4700 wished!

172 4733 218 4777 per
236 4754 242 4765 .
264 4754 269 4765 .
290 4755 296 4765 .
316 4717 436 4783 scemata]
454 4735 469 4766 a
480 4733 591 4766 common
604 4719 692 4764 tmesis.

176 4784 197 4827 si
210 4784 242 4828 ad
252 4782 333 4846 illam]
367 4783 421 4831 Tho
435 4783 503 4844 ploce
519 4782 550 4830 ho
564 4781 681 4831 intended
695 4789 721 4830 to

143 4845 201 4893 lund
212 4854 238 4895 nt
250 4864 300 4895 uas
312 4848 378 4906 Sida,
391 4863 451 4896 near
459 4847 596 4909 Aspendos,
609 4845 636 4894 in
648 4846 720 4895 Pum-

144 4910 244 4975 pbylia:
267 4913 336 4961 Fam.
356 4911 393 4962 iii
413 4915 437 4974 6,
459 4916 481 4972 l,
503 4911 551 4973 Ep.
572 4910 653 4960 ccxiii.
696 4911 722 4960 It

773 3551 854 3600 would
874 3549 993 3613 eerumly
1013 3549 1043 3597 be
1061 3565 1127 3597 more
1149 3548 1247 3596 autmul
1269 3548 1292 3596 ii
1313 3563 1352 3596 ve

772 3616 844 3666 could
860 3631 972 3677 suppose,
985 3631 1012 3663 as
1028 3613 1145 3662 hasbeen
1161 3615 1223 3661 dono
1239 3613 1273 3677 by
1284 3627 1350 3661 some

772 3680 862 3729 editors
876 3681 943 3728 since
960 3678 1091 3736 Victorius,
1105 3677 1160 3726 that
1172 3677 1257 3726 Cicero
1273 3684 1350 3726 wrote

772 3750 793 3793 si
805 3749 837 3793 ad
853 3747 936 3794 Sidam
948 3747 1096 3792 crearitimam
1109 3749 1202 3803 partem
1214 3744 1350 3802 procinctae

772 3810 832 3872 (Qu.
845 3813 970 3858 crearitimo
982 3812 1007 3857 in
1016 3815 1087 3869 parte
1096 3810 1253 3868 procinctae).
1277 3809 1349 3855 lllam

772 3891 817 3924 can
833 3875 892 3938 only
904 3891 975 3922 mean
992 3873 1046 3922 that
1057 3879 1112 3936 part
1128 3872 1210 3920 vhieh
1226 3888 1277 3920 was
1292 3887 1348 3935 sug·

772 3941 855 4003 gested
868 3948 893 3987 to
905 3939 998 3988 Cicero.

804 4010 828 4052 4.
847 4021 876 4052 cx
896 4006 992 4064 publica
1011 4002 1198 4066 permutatione]
1235 4005 1283 4050 ‘on
1308 4000 1351 4050 the

772 4069 894 4132 Treasury
904 4068 953 4117 Bill
962 4068 989 4117 of
997 4067 1149 4129 Exchange.'
1174 4066 1260 4115 Cicero
1269 4065 1349 4114 would

772 4141 839 4182 want
850 4141 876 4182 to
888 4140 930 4196 got
944 4134 987 4182 thc
1003 4139 1102 4181 current
1117 4131 1172 4179 eoin
1189 4131 1216 4179 of
1232 4131 1276 4179 tho
1292 4145 1347 4193 prc-

772 4199 843 4246 vinca
861 4199 901 4246 for
918 4198 961 4246 the
981 4213 1070 4260 money
1087 4195 1161 4259 given
1181 4195 1234 4243 him
1254 4196 1294 4244 for
1312 4194 1351 4243 his

772 4263 889 4311 domestic
904 4262 1088 4337 establishment
1105 4261 1254 4322 (rasorium).
1290 4258 1349 4334 'Fbis

771 4327 914 4456 {tillet}
928 4325 1353 4445 spectasses

773 4457 815 4505 Fr.
828 4456 846 4505 i.
860 4461 884 4505 3.
898 4461 921 4514 7,
938 4457 983 4519 Ep.
997 4456 1066 4513 lxvi;
1085 4455 1154 4503 Fam.
1168 4454 1194 4503 ii.
1211 4456 1249 4513 17,
1264 4458 1287 4514 7,
1302 4452 1347 4516 Ep.

773 4521 862 4570 cclxxi.
900 4521 951 4570 ‘To
968 4523 1035 4570 druw
1046 4537 1061 4569 a
1072 4520 1116 4568 bill
1132 4519 1160 4568 of
1176 4519 1303 4582 axchango
1319 4533 1349 4568 on

772 4586 878 4635 Athans’
900 4586 1074 4646 ispcrmatarc
1091 4586 1211 4644 Athenas,
1232 4587 1288 4633 Att.
1307 4599 1347 4631 xv.

774 4654 812 4711 15,
826 4656 856 4699 4:
876 4667 915 4700 sec
928 4651 994 4700 Dict.
1007 4649 1093 4713 Antiq.
1107 4667 1127 4698 s.
1136 4666 1161 4698 v.
1175 4651 1333 4709 Argentares.

804 4716 834 4763 ab
848 4733 874 4763 rc
889 4719 942 4776 ipsa
957 4723 979 4763 ct
995 4733 1009 4763 a
1025 4715 1093 4778 locis]
1115 4714 1195 4763 ‘from
1211 4714 1254 4763 tha
1271 4712 1350 4763 action

771 4780 840 4830 itself
851 4781 899 4828 and
910 4780 953 4829 tho
964 4797 1035 4829 scene
1046 4780 1073 4828 of
1084 4779 1127 4829 the
1137 4778 1239 4828 aetion)

804 4848 933 4893 cclcrrinris
955 4844 1060 4910 sestertiis]
1096 4844 1170 4893 Klotz
1191 4844 1270 4893 added
1289 4859 1349 4891 nun·

773 4909 976 4973 tiis,eompsring
986 4911 1055 4959 Fam.
1066 4909 1103 4958 iii.
1116 4913 1153 4966 ll,
1163 4913 1185 4969 l,
1195 4909 1243 4972 Ep.
1254 4908 1332 4958 celxv.
1342 4923 1351 4962 ;
