2976 5356
507 368 670 435 CCXIII.
698 367 821 452 (Fan.
845 367 917 431 ΙΙΙ.
943 368 988 449 6).
1307 365 1350 431 73

136 545 286 608 statuere
300 542 416 622 multa,
432 543 609 622 decernere,
624 541 766 606 iudicare
787 540 940 619 dicerent,
956 562 1029 604 cum
1049 561 1155 625 posses
1168 537 1234 604 iam
1248 540 1351 626 suspi-

140 645 208 710 cari
221 643 288 710 tibi
303 667 371 710 esse
395 667 592 710 successum:
617 666 699 730 quae
719 666 760 709 ne
776 642 816 708 ab
838 644 878 707 iis
893 643 1024 727 quidem
1042 643 1114 708 fieri
1130 643 1277 721 solerent,
1294 644 1352 728 qui

142 747 233 814 brevi
249 754 396 833 tempore
410 747 471 813 eibi
493 748 618 813 succedi
640 750 802 833 putarent.
849 748 879 810 5.
903 745 1033 811 Horum
1048 768 1109 833 ego
1126 768 1270 811 sermone
1285 768 1351 811 non

142 850 316 918 movebar:
340 851 421 937 quin
444 852 698 916 etiam-credas
722 849 803 915 mihi
829 850 980 928 velim—,
1004 849 1032 914 si
1058 850 1136 934 quid
1162 855 1200 914 tu
1231 871 1352 937 ageres,

142 954 247 1021 levari
272 978 326 1020 me
349 952 503 1040 putabam
523 954 680 1033 molestia,
706 957 739 1018 et
765 977 805 1019 ex
829 975 940 1017 annua
962 953 1136 1037 provincia,
1163 975 1245 1037 quae
1271 952 1353 1018 mihi

141 1059 246 1145 longa
271 1059 442 1138 videretur,
458 1081 556 1144 prope
570 1059 636 1123 iam
654 1058 804 1123 undecim
827 1058 987 1121 mensium
1010 1057 1207 1140 provinciam
1232 1056 1353 1122 iactam

141 1186 212 1230 esee
227 1162 421 1250 gaudebam,
437 1163 464 1227 si
479 1161 603 1228 absenti
623 1161 705 1227 mihi
720 1161 817 1226 unius
838 1162 956 1225 mensis
971 1159 1061 1224 labor
1081 1162 1241 1225 detractus
1261 1166 1351 1226 esset.

143 1265 357 1332 Illud-vere
380 1267 580 1331 dicam—me
600 1269 717 1345 movet,
733 1265 768 1329 in
788 1269 880 1329 tanta
897 1263 1040 1327 militum
1061 1264 1223 1349 paucitate
1247 1262 1354 1329 abesse

142 1374 211 1435 tres
248 1368 402 1448 cohortes,
436 1392 519 1454 quae
551 1369 616 1434 sint
653 1368 866 1455 plenissimae,
895 1389 955 1432 nec
990 1390 1042 1433 me
1079 1367 1158 1431 scire
1187 1365 1244 1431 ubi
1277 1366 1353 1432 sint.

144 1471 377 1539 Molestissime
404 1478 513 1538 autem
539 1472 618 1553 iero,
643 1474 730 1558 quod
755 1477 788 1537 te
812 1471 868 1536 ubi
896 1472 1020 1535 visurus
1042 1470 1103 1535 eim
1123 1469 1238 1549 nescio,
1254 1491 1355 1556 eoque

141 1576 188 1641 ad
207 1572 250 1641 'te
269 1576 395 1641 tardius
416 1576 536 1662 scripsi,
563 1577 650 1662 quod
674 1576 791 1641 cotidie
815 1581 847 1641 te
873 1576 978 1660 ipsum
1004 1573 1248 1660 exspectabam:
1281 1596 1354 1639 cum

144 1679 274 1744 interea
288 1701 331 1743 ne
356 1678 481 1744 litteras
505 1680 636 1764 quidem
660 1678 743 1744 ullas
764 1679 881 1764 accepi,
905 1700 987 1762 quae
1010 1701 1062 1742 me
1093 1677 1244 1741 docerent
1273 1676 1355 1762 quid

142 1803 260 1867 ageres
276 1788 333 1848 aut
347 1782 405 1847 ubi
422 1787 455 1848 te
469 1783 595 1847 visurus
615 1805 726 1849 essem.
771 1781 888 1866 Itaque
903 1781 1007 1845 virum
1029 1781 1145 1845 fortem
1161 1779 1305 1864 mihique
1318 1780 1354 1844 in

145 1906 261 1971 primis
282 1885 465 1971 probatum,
481 1885 523 1952 D.
547 1885 739 1966 Antonium,
763 1886 961 1971 praelectum
984 1888 1196 1962 evocatorum,
1212 1883 1286 1947 misi
1313 1884 1356 1948 ad

147 1993 189 2068 te,
205 1989 269 2068 etri,
285 1989 313 2053 si
333 1989 395 2055 tibi
414 1990 587 2071 videretur,
614 1989 758 2055 cohortes
781 1991 934 2067 traderes,
954 1993 1001 2067 nt,
1024 1989 1103 2051 dum
1127 1992 1254 2072 tempus
1276 1987 1355 2051 anni

144 2095 232 2157 esset
245 2093 411 2173 idoneum,
427 2093 552 2179 aliquid
573 2094 696 2180 negotii
710 2115 820 2179 gerere
836 2115 969 2178 possem.
1016 2093 1057 2155 In
1073 2113 1135 2176 quo
1151 2095 1207 2155 tuo
1219 2089 1354 2155 consilio

148 2200 185 2261 nt
207 2219 262 2262 me
282 2220 443 2283 sperarem
464 2220 529 2262 esse
554 2220 688 2261 usurum
714 2204 747 2262 ct
770 2196 913 2261 amicitia
937 2199 1046 2259 nostra
1069 2202 1102 2258 et
1127 2193 1253 2259 litterae
1278 2200 1355 2261 tuae

148 2292 315 2362 fecerant:
339 2297 425 2381 quod
446 2319 487 2361 ne
508 2318 596 2360 nuno
618 2296 748 2380 quidem
770 2296 913 2381 despera.
959 2292 1023 2358 Sed
1041 2286 1137 2379 plone
1154 2294 1283 2377 quando
1298 2298 1356 2359 aut

148 2398 205 2465 ubi
230 2405 265 2466 te
289 2400 416 2465 visurus
439 2400 511 2479 sim,
540 2399 603 2465 nisi
627 2401 669 2464 ad
694 2422 746 2464 me
771 2398 943 2484 scripseris,
967 2419 1008 2461 ne
1040 2396 1194 2481 suspicari
1224 2397 1356 2481 quidem

151 2524 290 2590 pomum
337 2504 368 2567 6.
391 2502 466 2588 Ego
481 2507 520 2567 ut
538 2526 591 2567 me
605 2502 666 2568 tibi
687 2494 914 2568 amicissimum
935 2523 1001 2565 esse
1023 2504 1055 2564 et
1080 2499 1174 2584 aequi
1196 2503 1230 2565 et
1250 2498 1355 2584 iniqui

150 2607 346 2694 intellegant
360 2606 500 2672 curabo:
524 2607 564 2672 de
584 2611 641 2671 tuo
655 2607 690 2671 in
712 2629 764 2672 me
779 2607 886 2671 animo
909 2602 1028 2689 iniquis
1046 2625 1135 2667 secus
1149 2603 1356 2669 existimandi

151 2711 269 2778 videris
283 2733 349 2775 non
369 2709 452 2775 nihil
474 2710 536 2775 loci
559 2710 700 2776 dedisse:
723 2711 758 2775 id
773 2710 800 2775 si
819 2708 1000 2786 correxeris,
1015 2706 1097 2770 mihi
1112 2706 1205 2771 valde
1225 2711 1355 2791 gratum

148 2814 220 2881 erit.
267 2813 315 2880 Et
328 2820 367 2880 ut
381 2813 498 2880 hahere
509 2815 666 2880 rationem
677 2814 778 2901 possis
793 2835 855 2899 quo
867 2813 936 2878 loco
949 2833 1001 2875 me
1016 2810 1106 2874 salva
1118 2809 1192 2894 lege
1207 2809 1357 2875 Cornelia

145 3028 177 3079 et
198 3030 330 3081 malicious
352 3031 495 3095 disposition
517 3035 542 3094 (a
563 3032 726 3096 wide-spread
778 3040 859 3081 ments
885 3031 934 3079 and
956 3027 1114 3091 expounding
1136 3028 1179 3077 the
1204 3027 1262 3076 law.
1305 3027 1357 3077 But

149 3094 727 3161 tainttbisandottachingtomauy)—yotwith
779 3098 865 3146 Oicem
891 3095 950 3155 only
976 3100 1022 3156 put
1047 3093 1161 3155 together
1187 3093 1230 3142 the
1257 3091 1356 3156 general

150 3174 215 3211 same
234 3160 357 3224 plausible
373 3164 481 3226 munds
499 3161 540 3211 for
556 3162 622 3211 their
642 3161 726 3211 1811(-
778 3162 858 3210 words
875 3159 957 3208 which
975 3174 1074 3220 express
1091 3158 1133 3206 the
1152 3157 1279 3206 sanctiens
1296 3156 1323 3206 of
1341 3172 1357 3206 a

149 3223 266 3289 ignom
276 3225 304 3275 oi
314 3242 357 3291 my
364 3227 460 3291 loyalty
468 3227 495 3275 in
506 3226 651 3290 friendehip,
665 3226 728 3275 tried
777 3227 787 3290 j
791 3227 854 3288 udge
863 3224 970 3273 without
978 3222 1084 3285 wishing
1093 3229 1119 3271 to
1128 3221 1223 3286 signily
1229 3221 1357 3286 definitely

149 3295 302 3354 teutrange
311 3306 355 3356 my
366 3292 429 3355 good
439 3291 546 3353 feelinge
557 3291 622 3340 from
633 3307 682 3355 you
694 3291 728 3354 by
778 3291 848 3339 those
868 3288 983 3337 different
1001 3286 1137 3336 funcfions.
1173 3287 1238 3335 Note
1258 3289 1357 3335 solerent

148 3355 239 3469 sTsying
250 3356 279 3405 rh
295 3362 368 3431 tyou
380 3372 443 3405 were
458 3356 561 3469 holding
571 3372 603 3404 an
615 3355 729 3468 apsiaeat
778 3371 806 3469 pp
819 3351 1042 3468 thtzteubjupctfippl,
1062 3352 1178 3464 beenplpef
1183 3351 1204 3399 it
1220 3351 1309 3463 optries
1324 3365 1357 3399 cn

170 3436 242 3470 mira
325 3437 419 3469 suman
462 3436 627 3470 ornswerea
643 3436 728 3468 mime-
807 3435 843 3468 es
881 3433 950 3466 emen
973 3432 988 3465 o
1040 3432 1124 3465 cmree
1152 3432 1234 3464 e·ma
1251 3431 1296 3465 ers.

149 3456 298 3548 tuing,’tlec
309 3485 376 3547 ding,
385 3437 500 3549 judging
511 3485 607 3548 though
619 3501 668 3550 you
679 3485 729 3533 had
812 3480 1237 3546 5.s·tde·ctur]s011;crearit.
1272 3480 1357 3528 Butae

144 3547 251 3613 ⁸1de
261 3564 349 3599 reason
364 3558 390 3599 to
405 3551 514 3613 imagine
528 3549 584 3599 that
594 3565 657 3614 your
671 3566 727 3599 suo·
779 3549 800 3597 it
814 3562 938 3610 expresses
949 3545 1031 3609 partly
1046 3545 1089 3594 the
1099 3561 1186 3593 reason
1200 3546 1260 3608 why
1272 3544 1358 3593 Cicero

148 3627 231 3664 aanor
245 3612 296 3663 had
309 3614 565 3664 arrived—iunctione
576 3614 657 3663 which
669 3614 729 3678 they
779 3613 827 3662 felt
835 3613 940 3675 pleased,
950 3626 989 3659 wc
999 3616 1066 3659 must
1074 3611 1130 3658 read
1138 3609 1180 3659 the
1189 3608 1356 3673 subjunctive.

150 3678 203 3727 said
219 3693 286 3729 were
302 3684 347 3726 not
362 3678 461 3742 usually
478 3679 601 3727 exercised
617 3694 678 3728 even
695 3679 729 3742 hy
781 3677 934 3738 Wesenberg
955 3677 1004 3724 aud
1019 3675 1110 3731 Baiter,
1127 3675 1193 3723 aiter
1212 3672 1355 3732 Cratander,

148 3741 222 3793 those
238 3743 297 3792 who
315 3742 422 3806 thought
444 3742 500 3792 that
521 3743 586 3793 their
607 3759 731 3792 successor
780 3743 832 3792 also
843 3743 918 3803 adopt
928 3741 956 3789 it.

149 3807 234 3857 would
255 3808 350 3868 shortly
366 3807 465 3856 arrive.'
500 3809 614 3856 Maraeu
633 3807 729 3871 implica
808 3809 948 3869 propeterea
982 3804 1086 3868 ‘hardly
1096 3819 1164 3852 more
1174 3801 1257 3851 than!

150 3870 207 3921 talei
248 3871 352 3921 intheir
366 3872 474 3936 grounds
487 3872 515 3921 oi
528 3873 667 3937 judgment,
681 3874 729 3922 and
811 3879 956 3921 evocatorum
1005 3868 1203 3917 Fmruthctime
1219 3866 1246 3915 ol
1264 3865 1358 3915 Siccius

151 3934 200 3987 tais
223 3936 474 3986 ormsanantithesis
489 3943 516 3987 to
530 3940 727 3999 eedtamenpro·
780 3932 902 3987 Dentatus
917 3950 953 3984 we
968 3934 1031 3982 have
1045 3934 1128 3982 record
1144 3932 1172 3980 ol
1187 3931 1288 3980 soldiers
1302 3931 1358 3980 who

147 4000 258 4051 debilem.
303 4000 406 4061 Schiita,
435 4001 501 4051 after
532 4002 653 4051 Graevius
680 4003 728 4052 and
779 4004 827 4052 had
844 4001 929 4051 served
944 3999 1010 4048 their
1026 3999 1085 4047 time
1100 3996 1175 4059 being
1193 3995 1354 4045 ‘oalledout'

151 4064 290 4127 lautius,
304 4066 381 4115 e‘ecte
395 4073 463 4115 otest
476 4069 501 4114 in
513 4070 604 4127 mattis,
619 4067 665 4116 but
675 4067 728 4116 itis
778 4068 851 4131 again
869 4067 910 4115 for
933 4064 1026 4113 service
1049 4063 1136 4125 (hence
1160 4060 1238 4110 called
1258 4063 1355 4124 saccati,

151 4129 177 4180 in
197 4130 227 4180 Μ
242 4131 293 4181 aad
339 4167 345 4178 .
380 4129 408 4180 li
423 4147 438 4180 a
454 4131 596 4181 distinction
612 4132 634 4180 is
650 4137 677 4181 to
698 4131 729 4181 be
779 4131 934 4193 ἀνάκλητοι).
977 4128 1048 4191 They
1067 4134 1110 4189 got
1137 4141 1203 4175 more
1228 4141 1276 4189 pay
1296 4125 1358 4174 than

151 4196 237 4245 drawn
257 4196 372 4245 between
393 4203 505 4257 statuere,
529 4201 656 4255 decernere,
681 4197 729 4244 and
779 4197 821 4246 the
840 4195 955 4257 ordinary
974 4193 1083 4249 soldiers,
1107 4191 1156 4239 and
1173 4190 1293 4254 probably
1309 4190 1359 4238 had

152 4263 265 4322 casare,
288 4268 393 4309 statam
411 4276 497 4310 means
519 4260 621 4323 making
642 4266 726 4310 enact·
778 4269 805 4310 to
824 4275 895 4309 servo
914 4258 974 4322 ouly
987 4258 1014 4306 in
1029 4256 1113 4317 battle,
1129 4255 1204 4318 being
1223 4253 1276 4303 free
1292 4254 1358 4304 from

128 4330 240 4385 ,raam
264 4327 387 4374 mmm
408 4326 524 4390 deeiding
543 4327 657 4376 between
678 4331 729 4374 two
779 4325 894 4388 ordinary
906 4321 1076 4385 eampdutica.
1112 4320 1296 4369 SeeAddcnda.

150 4386 272 4456 ffigmss,
295 4390 347 4440 and
367 4392 473 4441 iudicare
493 4390 632 4454 delivering
651 4389 727 4454 judg·
810 4387 896 4453 plane]
916 4385 1085 4436 ‘thefactia'
