2976 5356
140 831 205 897 asc
454 832 689 901 cccxxxv.
717 832 840 919 (ran.
862 834 967 903 m
989 836 1037 921 1).

165 1303 402 1373 GOIsXXXV.
445 1304 494 1371 M.
517 1303 619 1371 AND
642 1304 684 1376 Q.
708 1304 877 1374 OIOERO
899 1306 1002 1375 AND
1025 1307 1183 1379 THEIR
1203 1310 1317 1382 SONS

496 1408 555 1475 ΤΟ
578 1408 689 1476 TIRO
716 1409 820 1492 (Fau.
843 1431 915 1477 xvr.
942 1415 982 1498 1).

192 1629 576 1692 s.D.111.sou.sov.;
608 1634 641 1677 A.
662 1633 696 1678 u.
721 1633 748 1678 c.
775 1631 843 1694 τοις
877 1635 907 1680 a.
924 1636 952 1681 c.
981 1636 1031 1697 ⁶03
1062 1637 1139 1684 aar.
1163 1639 1224 1684 010.
1250 1638 1293 1688 ca.

188 1808 225 1859 M.
247 1807 333 1858 Cicero
352 1806 383 1865 Q.
405 1805 500 1868 Tironi,
518 1822 593 1871 quem
609 1821 640 1856 ex
656 1807 784 1871 provincia
799 1808 900 1858 domum
910 1808 1029 1860 decedens
1040 1809 1122 1860 Patris
1138 1816 1271 1875 aegrotum
1287 1812 1346 1864 reli.

137 1896 232 1956 querat,
253 1904 344 1954 magno
362 1904 388 1940 se
406 1888 460 1940 eius
478 1888 598 1939 desiderio
616 1887 697 1939 teneri
715 1888 848 1954 significat.
884 1888 981 1955 Scripta
998 1889 1102 1955 epistola
1119 1897 1158 1943 est
1174 1892 1244 1943 inter
1262 1893 1349 1945 Patres

137 1976 165 2022 at
179 1970 305 2036 Alyziam.

138 2161 297 2218 TULLIUS
320 2160 450 2217 TIRONI
468 2159 536 2215 SUO
555 2160 582 2215 S.
601 2158 686 2302 RFD.
707 2159 912 2302 ξέῙὲΙὲΕΒΟ
935 2160 1035 2217 MEUS
1059 2161 1106 2217 ET
1130 2162 1285 2220 FRATER
1300 2164 1351 2221 BT

660 2248 711 2303 ΒΔ
838 2286 846 2303 .

205 2391 235 2456 l.
259 2390 376 2457 Paullo
398 2390 525 2456 facilius
546 2390 659 2476 putavi
681 2410 773 2476 posse
795 2411 848 2456 ms
873 2389 958 2457 ferre
983 2391 1177 2458 desiderium
1201 2393 1266 2474 tui,
1291 2394 1353 2462 sed

138 2494 235 2581 plane
248 2516 315 2560 non
330 2494 409 2573 fero,
432 2498 464 2559 et
486 2515 682 2578 quamquam
696 2493 810 2580 magni
824 2494 867 2560 ad
881 2493 1035 2560 honorem
1049 2499 1196 2561 nostrum
1211 2497 1353 2565 interest

138 2599 393 2684 quamprimum
415 2597 458 2662 ad
479 2596 592 2662 urbem
614 2619 666 2663 me
688 2598 807 2677 venire,
830 2603 939 2663 tamen
961 2621 1104 2683 peccasse
1126 2600 1209 2664 mihi
1225 2601 1350 2680 videor,

138 2702 195 2787 qui
213 2725 233 2766 a
253 2707 285 2767 te
308 2701 526 2766 discesserim:
551 2701 606 2765 sed
621 2701 697 2785 quia
714 2706 772 2765 tua
794 2701 943 2766 voluntas
965 2724 1003 2767 aa
1024 2701 1195 2767 videbatur
1216 2726 1294 2783 esse,
1311 2719 1350 2770 ut

138 2827 267 2890 prorsus
291 2804 354 2869 nisi
380 2805 568 2869 confirmato
591 2825 720 2889 corpore
742 2804 844 2870 nolles
866 2805 1029 2890 navigare,
1055 2804 1233 2891 approbavi
1252 2812 1349 2873 tuum

137 2909 318 2987 consilium,
340 2931 444 2992 neque
469 2930 557 2971 nunc
584 2912 684 2987 muts,
709 2909 736 2972 si
762 2913 800 2973 tu
822 2909 858 2973 in
881 2909 993 2973 eadem
1014 2930 1046 2972 es
1068 2910 1241 2975 sententia.
1287 2909 1348 2976 Sin

139 3017 257 3090 autem,
274 3016 384 3097 postea
399 3032 496 3095 quam
518 3009 626 3075 cibum
648 3010 770 3095 cepisti,
793 3011 911 3076 videris
931 3010 992 3075 tibi
1006 3033 1097 3096 possa
1116 3034 1168 3078 me
1183 3014 1346 3099 consequi,

138 3122 232 3180 tunm
248 3114 418 3179 eonsilium
433 3118 490 3179 est.
536 3113 718 3179 Marionem
734 3114 776 3178 ad
790 3118 823 3179 te
838 3136 874 3180 eo
889 3114 972 3193 misi,
988 3119 1026 3178 ut
1041 3121 1098 3179 aut
1112 3118 1222 3180 tecum
1238 3117 1280 3181 ad
1295 3139 1347 3182 me

138 3219 392 3303 quamprimum
414 3217 538 3282 veniret
560 3222 627 3296 aut,
650 3218 736 3283 situ
758 3239 928 3296 morerere,
952 3219 1063 3282 statim
1085 3219 1127 3282 ad
1145 3241 1198 3283 me
1214 3219 1344 3286 rediret.

137 3324 169 3387 2.
194 3320 246 3385 Tu
261 3326 369 3385 autem
384 3319 444 3384 tibi
467 3320 526 3385 hoo
548 3322 714 3405 persuade,
737 3322 765 3385 si
787 3321 952 3386 commodo
974 3321 1169 3386 valetudinis
1184 3327 1262 3388 tuae
1277 3324 1347 3390 fieri

137 3425 247 3511 possit,
268 3424 351 3488 nihil
373 3446 425 3487 mc
447 3423 544 3488 malle
567 3446 664 3507 quam
687 3429 719 3488 te
743 3447 809 3489 esse
829 3446 974 3489 meeum:
998 3425 1026 3488 si
1052 3432 1160 3490 autem
1180 3427 1347 3513 intellegis

138 3550 219 3613 opus
237 3549 303 3592 esse
320 3531 353 3591 ta
374 3526 481 3590 Patris
502 3527 743 3592 convalescendi
763 3550 857 3592 causa
877 3528 1023 3613 paullum
1046 3531 1247 3609 commorari,
1262 3531 1347 3596 nihil

138 3654 190 3696 me
205 3630 302 3695 malle
317 3652 414 3714 quam
429 3634 462 3694 te
477 3629 591 3694 valere.
638 3629 674 3695 si
696 3631 805 3696 statim
827 3632 972 3716 navigas,
994 3654 1053 3697 nos
1067 3630 1219 3697 Leucade
1238 3655 1346 3700 conse·

138 3757 254 3820 quere:
279 3733 329 3797 sin
350 3738 383 3798 te
401 3734 587 3798 confirmare
607 3734 666 3812 vis,
691 3738 723 3799 et
747 3734 878 3799 comites
899 3739 932 3799 et
954 3738 1161 3819 tempestates
1181 3740 1215 3801 et
1230 3759 1346 3803 navem

138 3839 288 3904 idoneam
314 3841 352 3900 ut
382 3835 500 3900 habeas
529 3837 704 3922 diligenter
733 3835 864 3902 videbis.
910 3835 1027 3900 Unum
1056 3837 1149 3917 illud,
1178 3839 1228 3903 mi
1257 3839 1344 3920 Tiro,

138 3942 255 4020 videto,
277 3939 305 4004 si
326 3961 378 4003 me
401 3961 498 4017 amas,
522 3963 563 4004 ne
586 3947 618 4005 te
638 3940 796 4005 Marionis
818 3941 975 4005 adventus
998 3946 1030 4005 et
1052 3940 1111 4004 hae
1134 3942 1263 4007 litterae
1277 3965 1344 4008 mo·

138 4049 244 4110 veant.
290 4042 388 4113 Quod
402 4042 581 4107 valetudini
596 4047 671 4109 tuae
688 4044 829 4108 maxime
851 4043 1008 4108 conducet
1022 4043 1049 4106 si
1065 4043 1187 4124 feceris,
1204 4046 1345 4111 maxime

138 4145 370 4233 obtemperaris
384 4144 547 4209 voluntati
567 4167 666 4210 meae.
713 4146 743 4210 3.
767 4145 861 4211 Haeo
875 4168 933 4231 pro
948 4151 1005 4210 tuo
1020 4146 1152 4230 ingenio
1168 4150 1342 4215 considera.

172 4322 194 4366 l.
213 4314 333 4380 honorem]
367 4331 400 4364 sc.
413 4314 488 4376 hopes
499 4313 526 4363 of
539 4313 680 4377 atriumph.
798 4319 821 4365 2.
839 4315 969 4380 antellaepis]
1003 4316 1064 4365 This
1085 4315 1107 4366 is
1128 4317 1172 4367 the
1194 4320 1297 4385 reading
1318 4322 1344 4371 ci

170 4383 246 4431 citum
263 4379 357 4445 cepisti]
399 4379 480 4428 Tiro's
496 4379 590 4428 disease
613 4396 714 4442 appears
765 4379 800 4429 11.
836 4380 862 4430 It
873 4381 961 4431 should
975 4381 1005 4430 be
1018 4383 1122 4443 adopted
1137 4381 1164 4430 in
1175 4384 1247 4445 place
1262 4387 1290 4434 of
1304 4390 1342 4434 ia·

137 4454 163 4496 to
185 4447 248 4496 have
270 4447 332 4496 been
359 4444 453 4508 mainly
476 4460 491 4492 a
514 4444 582 4492 weuk
605 4445 715 4493 stomach
765 4447 856 4507 telleqes
872 4446 900 4495 of
918 4445 954 4506 M,
972 4446 1054 4495 which
1072 4449 1092 4494 is
1109 4448 1232 4513 certainly
1250 4467 1341 4514 wrong.

139 4511 345 4575 (κακοστόμαχος,
380 4510 450 4557 Fam.
482 4508 534 4558 xvi.
565 4513 588 4564 4,
619 4513 641 4572 l,
665 4510 713 4572 Ep.
765 4510 901 4559 Forifthe
918 4517 979 4560 orat.
998 4512 1098 4575 obliqua
1115 4512 1145 4560 be
1162 4515 1305 4575 continued,
1323 4518 1343 4564 it

138 4576 294 4639 cclxxxviii.)
317 4574 399 4622 which
426 4574 475 4621 had
501 4589 517 4621 a
540 4574 662 4638 tendency
688 4582 715 4624 to
764 4574 852 4623 should
869 4575 899 4624 be
916 4578 1055 4636 catenam,-
1078 4577 1126 4624 and
1141 4576 1163 4624 if
1178 4580 1342 4629 hauritionis

138 4641 304 4753 rajeipiteriooss
329 4640 379 4688 thia
395 4638 502 4769 brcupght
519 4654 550 4750 pp
567 4639 647 4752 iiiiii}
764 4639 925 4766 ripplde'toffie
941 4651 1002 4754 crept.
1021 4647 1094 4752 rccpgg
1113 4641 1135 4689 it
1131 4642 1248 4772 Appon-lg)
1259 4645 1290 4695 be
1301 4648 1337 4692 ἱη.

170 4725 184 4754 e
237 4719 442 4754 aa...consem
540 4720 558 4752 u
681 4720 713 4753 ou
834 4722 854 4752 ss
915 4720 1039 4764 esener,
1084 4723 1113 4754 m.
1166 4722 1222 4756 -.o
1253 4747 1259 4758 .

138 4769 379 4821 canovertakeme!
402 4722 416 4766 q
508 4719 524 4767 y
663 4719 680 4768 y
795 4721 940 4834 coisacam]
977 4721 1043 4834 ‘yogu
1054 4770 1107 4819 will
1117 4773 1236 4822 overtoke
1247 4773 1293 4824 ua.'

172 4833 319 4898 Marionem]
353 4832 458 4882 Aslave
477 4831 504 4880 of
526 4831 647 4882 Cicero’s:
672 4848 711 4897 ep.
797 4837 820 4882 3.
839 4834 1022 4899 Haacprotuc]
1056 4838 1115 4885 ‘use
1127 4851 1191 4900 your
1203 4838 1258 4888 best
1269 4839 1339 4904 judg·

139 4901 209 4951 Fam.
228 4899 279 4950 xvi.
299 4903 322 4961 3,
342 4901 364 4959 2,
384 4897 431 4960 Ep.
449 4897 583 4947 cclxxxvii.
764 4901 874 4949 mantin
890 4898 991 4964 making
1008 4916 1042 4964 up
1063 4916 1128 4965 your
1143 4902 1214 4951 mind
1229 4919 1263 4954 on
1282 4904 1337 4954 this.
