2976 5356
393 348 397 353 ’
504 348 691 416 OOXLIV.
718 350 840 436 (Fan
864 349 938 415 III.
964 349 1010 435 7).
1288 350 1356 416 153

140 542 265 602 eorum,
288 524 425 589 utente
446 523 489 588 ad
510 544 562 589 me
585 526 759 604 currerent,
781 527 820 589 ut
840 522 902 589 tibi
927 523 1057 590 obviam
1071 521 1200 609 prodire
1214 544 1352 610 possem.

142 622 286 691 (lunens
299 623 407 712 Iepta
421 626 511 693 venit
524 626 669 713 mihique
691 625 857 693 nuntiavit
878 630 911 692 te
932 626 999 692 iam
1021 631 1125 692 eastra
1138 632 1353 713 praetergres-

142 749 215 795 sum
230 750 312 795 esse.
357 726 538 796 Confestim
559 728 709 796 Ioonium
729 729 814 796 veni.
861 727 975 795 Cetera
996 729 1063 795 iam
1086 728 1148 796 tibi
1168 735 1246 795 nota
1266 736 1352 796 sunt.

142 830 200 897 An
224 854 290 918 ego
317 831 380 899 tibi
404 831 534 899 obviem
562 856 629 900 non
658 833 850 920 prodirem?
880 832 1023 919 primum
1048 833 1158 918 Appio
1188 832 1356 898 Claudio?

143 934 265 1002 deinde
275 934 492 1022 imperatori?
506 936 624 1003 deinde
633 958 723 1003 more
736 938 922 1003 maiorum?
938 937 1067 1015 deinde,
1083 937 1171 1022 quod
1181 940 1279 1023 ceput
1294 939 1353 1015 est,

143 1037 277 1104 amieo?
299 1060 372 1104 oum
386 1038 422 1105 in
436 1038 500 1106 isto
514 1062 632 1126 genere
650 1041 755 1106 multo
776 1041 875 1106 etiam
894 1039 1096 1106 ambitiosius
1110 1038 1214 1106 faeere
1235 1039 1355 1105 soleam

143 1162 244 1227 quam
258 1139 362 1208 honos
375 1164 467 1209 meus
481 1146 514 1209 et
529 1143 673 1230 dignitas
688 1143 840 1230 postulat.
864 1142 928 1209 Sed
937 1142 1016 1209 haee
1025 1142 1190 1208 haetenus.
1214 1145 1246 1208 5.
1264 1140 1355 1208 Illud

144 1244 233 1311 idem
259 1243 425 1311 Pausania
453 1245 579 1313 diosbat
607 1251 641 1313 te
670 1247 808 1313 dixisse:
848 1245 1024 1317 ‘Quidnil
1054 1244 1186 1332 Appius
1200 1245 1354 1326 Lentulo,

144 1344 309 1414 Lentulus
320 1349 441 1436 Ampio
455 1351 608 1436 prooessit
622 1350 762 1432 obviarn,
778 1349 889 1416 Cicero
902 1347 1013 1435 Appio
1028 1348 1177 1415 noluitt'
1216 1349 1356 1428 Quaeso,

146 1451 289 1518 etiams
310 1455 350 1517 tu
368 1451 428 1518 has
455 1453 604 1539 ineptias,
628 1453 724 1521 homo
748 1476 820 1521 mea
842 1452 1003 1520 sententia
1024 1475 1151 1519 summa
1171 1451 1357 1538 prudentia,

147 1555 254 1621 multa
267 1555 368 1622 etiam
383 1556 539 1638 doetrina,
554 1558 695 1644 plurimo
709 1580 817 1624 rerum
838 1579 909 1637 usu,
930 1557 1014 1621 addo
1029 1555 1258 1637 urbanitatem,
1274 1578 1360 1643 quae

147 1662 196 1724 est
223 1657 341 1739 virtus,
372 1662 411 1726 ut
440 1658 541 1727 Stoici
565 1661 740 1728 rectissime
769 1666 897 1746 putant,
926 1660 1030 1726 ullam
1059 1659 1270 1745 Appietatem
1300 1664 1358 1725 aut

148 1758 389 1829 lentulitatem
405 1763 511 1830 valere
526 1765 613 1851 apud
629 1787 681 1831 me
695 1765 769 1852 plus
784 1786 881 1850 quam
898 1767 1088 1829 ornamenta
1101 1763 1232 1829 virtutis
1247 1762 1357 1829 existi·

148 1865 244 1932 mss?
300 1864 384 1932 Cum
413 1889 451 1932 sa
480 1872 667 1934 consecutus
696 1868 842 1933 nondum
865 1889 963 1946 eram,
986 1888 1067 1952 quae
1091 1869 1167 1931 sunt
1188 1865 1358 1932 hominum

149 1966 357 2054 opinionibus
371 1969 578 2055 amplissima,
601 1974 712 2037 tamen
735 1971 798 2037 ista
819 1975 926 2035 vestra
946 1970 1079 2035 nomina
1092 1991 1271 2054 numquam
1285 1991 1358 2036 sum

150 2071 350 2137 admiratus:
374 2071 459 2138 viros
473 2095 536 2154 eos,
551 2074 607 2161 qui
622 2097 660 2141 ea
674 2072 765 2141 vobis
786 2073 1001 2159 reliquissent,
1017 2095 1152 2159 magnos
1166 2071 1355 2139 arbitrabar.

150 2174 269 2243 Postea
282 2197 358 2242 vero
372 2197 471 2261 quam
491 2177 539 2243 ita
561 2183 594 2245 et
619 2179 690 2265 oepi
715 2183 748 2246 et
773 2179 858 2265 gessi
880 2177 1023 2243 maxima
1045 2176 1190 2261 imperia,
1212 2183 1251 2242 ut
1273 2175 1356 2243 mihi

179 2360 320 2429 wmmt]
338 2360 539 2427 SoWesenberg,
549 2364 607 2414 who
613 2380 730 2429 supposes
778 2364 834 2414 that
844 2366 925 2428 anyA
944 2362 1017 2426 piism
1033 2379 1061 2412 or
1077 2361 1216 2412 Lentulism
1231 2361 1277 2413 lus
1287 2376 1356 2412 more

153 2426 217 2492 (nn.
231 2428 338 2490 Au.,p.
352 2428 376 2490 θ)
389 2427 641 2479 thatthelsstlettsr
655 2430 730 2480 ofmc
778 2428 916 2492 weightwi
960 2444 999 2477 me
1016 2427 1077 2477 than
1094 2426 1198 2477 uirtue's
1215 2429 1296 2477 swerd
1306 2428 1355 2477 and

151 2492 199 2541 and
217 2491 264 2543 the
279 2491 335 2541 first
348 2491 422 2541 letter
439 2492 467 2542 oi
485 2501 607 2542 currerem
622 2495 730 2558 brought
779 2493 908 2543 ooronot't
941 2493 1030 2556 Meyer
1040 2509 1073 2542 on
1081 2491 1141 2541 Juv.
1149 2491 1203 2541 viii.
1217 2495 1247 2541 20
1261 2492 1354 2555 (nobili-

151 2557 228 2607 about
247 2563 401 2616 mannent,
420 2557 470 2606 and
486 2557 564 2607 hence
581 2566 730 2607 excurrerent
780 2565 817 2606 tas
833 2560 883 2606 sola
903 2565 938 2606 ert
960 2568 1030 2619 aeque
1048 2559 1119 2605 ιοιίιο
1136 2557 1233 2621 cirtae),
1257 2562 1353 2621 quotes,

151 2620 234 2673 usne
245 2635 303 2670 ress.
337 2621 437 2671 Ernesti
447 2623 518 2671 reads
528 2631 685 2672 recurrerent.
778 2638 869 2686 among
886 2622 957 2672 other
973 2637 1096 2685 passages,
1117 2620 1203 2670 Cicero
1222 2637 1262 2684 ap.
1285 2621 1352 2670 Non,

179 2686 269 2735 deinde
297 2687 360 2746 quod
384 2692 456 2747 caput
481 2686 528 2752 ert]
568 2686 617 2737 We
640 2687 730 2737 should
779 2690 835 2748 437,
848 2690 887 2748 28,
902 2703 953 2736 cum
964 2690 1026 2735 enlm
1043 2687 1155 2735 stabilitas
1167 2686 1232 2733 nibil
1242 2688 1311 2734 aliud
1321 2689 1354 2734 eit

149 2750 518 2825 wherupemdeniqcoehsm
536 2750 582 2801 but
590 2755 651 2815 quod
658 2759 730 2813 eaput
779 2754 828 2800 nisi
850 2755 942 2813 cognita
963 2754 1051 2800 virtue.
1086 2750 1172 2800 Cicero
1198 2750 1285 2800 coined
1311 2750 1356 2800 the

149 2821 183 2865 nt
209 2814 363 2880 suffimently
395 2830 425 2864 ex
443 2832 519 2865 sesses
550 2816 594 2866 the
621 2817 728 2867 climax:
779 2816 847 2866 word
858 2819 977 2877 Appietac
995 2823 1022 2864 to
1041 2831 1139 2878 express
1155 2814 1199 2864 the
1216 2815 1354 2878 possession

152 2878 253 2945 ‘agaim
265 2879 316 2929 and
326 2878 409 2929 thiais
449 2880 541 2930 echiet
550 2881 640 2944 point)
779 2880 807 2930 of
818 2881 860 2930 the
871 2881 943 2931 noble
954 2896 1026 2930 name
1037 2880 1064 2930 of
1074 2879 1182 2943 Appius:
1201 2895 1240 2942 cp.
1254 2880 1354 2945 Tenny·

150 2942 729 3060 „setlmlsssstlseslz
779 2944 1355 3072 tlfsltlllmdttytllbltlitti

148 3073 240 3137 paring
250 3072 322 3122 Fam.
335 3088 380 3122 ιιι
393 3076 462 3134 θ,4;
482 3075 536 3123 stt.
548 3074 584 3124 vi.
602 3077 625 3134 θ,
639 3048 667 3136 ’6,
681 3075 729 3139 Ep.
779 3074 984 3123 virtueasbased
998 3090 1030 3124 on
1041 3074 1194 3137 knowledge,
1207 3073 1250 3122 the
1263 3073 1351 3134 Stoice,

148 3138 259 3189 eclxiv.:
278 3136 363 3187 Madv.
376 3152 408 3187 ou
420 3138 477 3187 Fin.
490 3155 515 3188 ι.
530 3140 577 3188 55:
595 3139 728 3204 dsclnring,
779 3139 912 3204 especially
940 3139 977 3188 Ch
1009 3138 1101 3201 rippas,
1129 3137 1310 3201 dsunguished
1337 3154 1354 3189 a

148 3201 451 3263 nannetemondr
482 3203 652 3253 uiresolerem.
681 3204 732 3255 Yet
779 3209 849 3267 grem
857 3203 984 3253 numbers
1005 3203 1095 3266 special
1103 3202 1352 3265 individualrirtues,

147 3267 201 3317 this
223 3266 299 3317 latter
319 3272 450 3317 statement
490 3267 730 3333 treicherlp.146)
780 3267 1201 3325 rousedewholeswarmofthem,
1215 3266 1314 3328 infact,
1327 3272 1354 3318 at

147 3331 234 3383 non
251 3338 280 3381 to
296 3331 329 3381 be
342 3337 387 3381 not
401 3331 572 3383 eouelusivsb
605 3333 730 3384 reference
779 3332 823 3382 the
840 3333 981 3381 outlandish
997 3348 1081 3381 names
1097 3331 1125 3381 of
1141 3331 1224 3380 which
1235 3331 1353 3382 Plutarch

147 3402 176 3447 te
186 3398 243 3447 stt.
255 3395 275 3445 i.
288 3398 313 3457 θ,
328 3398 350 3457 l,
361 3399 385 3456 4,
399 3396 446 3460 Ep.
458 3396 477 3447 i.
487 3413 493 3456 ;
513 3398 562 3446 and
572 3350 607 3463 by
618 3398 731 3462 showing
782 3395 830 3458 (De
837 3397 937 3446 Virtute
949 3397 1046 3457 llorali
1063 3400 1119 3456 init,
1135 3413 1161 3459 p.
1178 3401 1235 3455 441,
1249 3396 1275 3459 9)
1290 3397 1356 3447 losse

147 3460 207 3512 that
217 3477 271 3510 οιιινι
281 3460 373 3525 (which
383 3460 439 3510 isin
447 3460 574 3525 H)might
580 3462 657 3527 easily
665 3463 730 3513 haee
779 3461 814 3510 all
825 3462 944 3524 patience.
975 3461 1117 3525 Χρύσιππος
1129 3462 1156 3511 δὲ
1167 3462 1231 3510 κατὰ
1243 3463 1272 3510 τὸ
1283 3464 1354 3511 ποιὸν

147 3524 214 3576 been
233 3525 284 3575 lost
298 3525 365 3575 aiter
382 3541 437 3583 -0o;
454 3527 536 3576 andb
564 3527 691 3577 reference
704 3534 731 3578 to
781 3527 871 3589 ἀρετὴν
883 3527 931 3591 ἰδία
943 3526 1056 3586 ποιότητι
1068 3527 1230 3576 συνίστασθαι
1242 3526 1353 3588 νομίζων,

147 3588 280 3655 ludvig’s
295 3596 362 3651 note,
380 3589 408 3638 in
424 3590 507 3640 which
552 3591 656 3641 slatter
672 3608 730 3658 says
781 3592 870 3641 ἔλαθεν
887 3593 975 3640 lambe
993 3595 1084 3651 σμῆνος
1101 3591 1195 3651 ἀρετῶν
1208 3593 1236 3639 οὐ
1250 3591 1354 3651 σύνηθες

147 3654 270 3706 Mum
285 3655 368 3705 wotild
378 3653 409 3704 bs
425 3655 495 3720 quito
511 3671 538 3705 as
555 3656 684 3707 allownbls
700 3673 728 3706 as
780 3656 837 3705 οὐδὲ
854 3657 974 3718 γνώριμον
993 3657 1098 3719 ἐγείρας·
1115 3657 1146 3705 ὦς
1163 3656 1212 3718 γὰρ
1228 3656 1292 3718 παρὰ
1308 3658 1355 3705 τὸν

185 3724 191 3732 “
779 3721 891 3784 &ripales
909 3720 1030 3783 θνδριίαν,
1060 3722 1100 3769 καί
1127 3721 1191 3782 παρὰ
1213 3721 1257 3768 τὸν
1275 3724 1354 3784 πρᾷον

147 3735 209 3834 μῦ..
229 3782 356 3849 Quidnil]
388 3783 542 3860 ‘ofopursa’
555 3785 730 3849 (howouldn’t
780 3783 919 3850 πρᾳότητα,
948 3787 989 3836 καί
1026 3783 1182 3843 δικαιοσύνην
1216 3785 1281 3846 παρὰ
1308 3787 1353 3835 τὸν

148 3849 400 3913 motomeetms).
435 3847 557 3910 creerois,
573 3849 727 3911 ‘ofeourss,’
780 3851 880 3906 δίκαιον,
902 3851 977 3899 οὕτως
993 3851 1056 3913 παρὰ
1068 3851 1112 3898 τὸν
1120 3850 1240 3912 χαρίεντα
1256 3868 1353 3912 χαριςν·

147 3918 368 3989 tongreataman
383 3918 411 3963 to
430 3928 499 3963 aomo
515 3915 565 3963 and
579 3919 646 3964 mest
661 3932 730 3963 ms-
779 3913 881 3974 τθτηπα,
899 3916 939 3964 κοί
951 3915 1015 3976 παρὰ
1031 3916 1077 3964 τὸν
1093 3916 1183 3964 ἐσθλὸν
1200 3916 1351 3974 ἐσθλότητο,

147 3978 261 4029 limini·
297 3979 408 4036 Quidni?
423 3977 445 4027 is
460 3978 531 4028 often
546 3980 607 4028 need
623 3979 730 4031 without
779 3980 819 4028 καί
831 3979 895 4041 παρὰ
906 3981 951 4028 τὸν
961 3979 1041 4040 μέγαν
1054 3979 1225 4039 μιγαλίτητα,
1237 3980 1277 4028 καί
1289 3980 1354 4041 παρὰ

148 4059 165 4092 ι
175 4043 236 4093 verb
247 4042 276 4093 in
286 4043 481 4093 wnverutional
491 4042 628 4108 langnage:
644 4044 726 4110 Roby,
779 4049 824 4094 τὸν
842 4045 920 4093 καλὸν
937 4043 1072 4103 καλότητα,
1094 4043 1178 4106 ίτίρας
1193 4062 1222 4092 τε
1237 4043 1353 4095 τοιαύτας

151 4107 251 4173 tiolo.
780 4107 1025 4170 ἐπιδεξιότητας,
1051 4108 1286 4168 εὐαπαντησίας,
1310 4110 1350 4158 εὖ·

181 4171 428 4286 ΜΜΜΜἪ
449 4171 728 4236 ‘amanofgraatoom
779 4172 959 4236 τραπελίας,
979 4173 1067 4236 ἀρετὰς
1095 4175 1228 4233 τιθέμενος,
1252 4177 1354 4223 πολλῶν

149 4252 209 4288 mon
225 4252 306 4298 sensa,
325 4238 396 4287 well·
429 4237 518 4286 uoatod
534 4237 593 4297 also,
618 4237 646 4288 of
665 4238 729 4288 wide
779 4240 820 4288 καί
848 4237 945 4288 ἀτόπων
972 4237 1098 4297 ὀνομάτων
1131 4237 1202 4286 οὐδὲν
1235 4238 1354 4299 διομίνην

149 4301 388 4379 hovlsdgeolthe
398 4302 485 4362 world,
497 4301 631 4351 audIadd
642 4302 729 4365 polite·
780 4302 923 4364 δμπίπληκι
952 4302 1111 4365 φιλοσοφίαν.
1153 4301 1281 4361 Stobaeus,
1311 4308 1353 4352 too

150 4365 313 4429 nese,vh1ch
328 4366 350 4416 is
365 4382 381 4416 a
396 4367 487 4427 virtue,
502 4382 529 4416 ae
544 4367 588 4417 the
600 4366 679 4416 Stoice
689 4383 731 4417 ere
781 4366 850 4431 (Eth.
867 4367 932 4430 106),
945 4366 1040 4416 nodoso
1051 4382 1078 4415 as
1089 4365 1183 4415 virtues
1194 4366 1354 4417 subordinate

151 4440 215 4485 nott
226 4432 298 4497 right
311 4430 339 4488 in
352 4431 549 4497 thnking-cen
565 4447 616 4497 you
626 4447 731 4496 suppose
780 4431 958 4492 wdennorton
976 4431 1037 4482 both
1053 4431 1229 4492 εὐκοινονησίο
1246 4432 1353 4497 (defined
