2956 4866
137 334 203 399 240
435 333 658 400 OOLXXIX.
685 333 807 418 (Fari.
839 334 942 401 VIII.
965 336 1036 421 12).

219 760 442 828 CCLXXIX.
489 760 692 828 CAELIUS
714 760 773 829 ΤΟ
796 761 968 832 010an
994 763 1100 850 (Fau.
1124 783 1202 829 vm.
1226 762 1280 845 ra).

312 973 529 1031 suerranum
553 973 584 1016 ι.
602 972 635 1017 u.
653 972 680 1016 c.
697 969 768 1033 τοις
792 973 822 1018 a.
841 973 868 1017 o.
885 972 940 1033 ⁶03
961 972 1038 1019 arr.
1055 972 1117 1019 cro.
1133 971 1176 1019 ce.

185 1133 223 1183 Μ.
236 1132 334 1183 Caelius
345 1132 458 1198 queritur
468 1134 532 1197 App.
547 1131 680 1183 Claudium
690 1150 816 1185 censorem
825 1139 878 1185 tam
888 1134 987 1200 ingrato
996 1150 1050 1186 eree
1060 1136 1154 1196 animo,
1166 1138 1331 1189 utereturne

134 1215 224 1266 abhoc
235 1230 295 1265 mox
306 1221 442 1277 accusetur,
455 1230 482 1266 ee
491 1230 551 1266 vero
560 1215 626 1266 valle
637 1220 695 1266 unte
705 1215 791 1267 venire
801 1221 828 1268 et
837 1216 893 1282 lage
904 1216 1033 1268 Scantinia
1043 1215 1181 1281 postulare.

544 1397 700 1454 ciamus
718 1397 892 1455 CICERONI
911 1398 939 1453 S.

201 1524 230 1587 l.
254 1520 363 1586 Pudet
388 1542 439 1586 me
460 1520 520 1586 tibi
543 1521 689 1587 confiteri
711 1526 744 1588 et
758 1522 849 1607 queri
871 1522 911 1587 de
932 1519 1046 1607 Appii,
1065 1518 1213 1586 hominia
1233 1516 1333 1605 ingre

133 1625 260 1705 tissimi,
275 1625 411 1704 iniuriis,
428 1625 485 1709 qui
499 1647 551 1690 me
566 1625 679 1705 odisee,
695 1624 773 1711 quia
787 1647 908 1712 magna
925 1625 1007 1690 mihi
1023 1622 1163 1689 debebat
1178 1621 1332 1695 beneficia

133 1729 248 1815 coepit,
260 1733 303 1805 et,
316 1728 493 1793 cumhomo
505 1751 630 1806 avarus,
647 1735 683 1795 ut
695 1751 733 1794 ea
748 1728 894 1808 solveret,
906 1728 967 1794 eibi
979 1729 1138 1813 imperare
1149 1747 1219 1791 non
1227 1734 1331 1811 poseat,

135 1834 295 1899 oecultum
316 1831 438 1897 bellum
459 1832 540 1896 mihi
563 1832 693 1911 indixit,
712 1832 760 1897 ita
777 1832 938 1898 oecultum
959 1836 1079 1910 tamen,
1094 1834 1134 1896 ut
1148 1828 1249 1895 multi
1262 1828 1332 1895 mihi

135 1936 358 2002 renuntiarent
368 1940 400 2000 et
411 1934 479 2020 ipsc
488 1935 583 2001 facile
594 1936 882 2001 animadverterem
894 1935 978 2000 male
987 1956 1061 2000 eum
1072 1933 1114 1999 de
1124 1954 1179 1997 me
1191 1931 1330 2018 cogitare

135 2035 253 2101 Postea
268 2057 365 2119 quam
379 2055 454 2098 vero
469 2033 607 2119 comperi
622 2057 697 2100 eum
711 2034 884 2120 collegium
899 2038 1081 2119 temptasse,
1097 2031 1218 2096 deinde
1234 2038 1331 2117 aparte

136 2162 209 2205 oum
225 2138 417 2224 quibusdam
431 2139 586 2217 locutum,
601 2160 674 2203 oum
688 2137 730 2204 L.
743 2137 899 2217 Domitio,
915 2140 953 2202 ut
967 2159 1054 2202 nuno
1070 2140 1119 2201 eat
1133 2134 1219 2199 mihi
1234 2134 1331 2201 inimi·

136 2243 262 2308 oieeimc
291 2241 431 2320 homine,
458 2241 644 2320 deliberare,
667 2242 751 2307 velle
780 2241 841 2307 hoo
868 2239 1097 2306 munueaulum
1124 2238 1255 2303 deferre
1282 2236 1330 2305 (ln

138 2346 302 2431 Pompeio,
332 2345 438 2430 ipsum
466 2344 733 2431 reprehenderem
762 2350 795 2411 et
827 2343 869 2409 ab
899 2366 936 2410 eo
966 2344 1154 2430 deprecarer
1178 2341 1331 2421 iniuriam,

136 2473 234 2536 quem
257 2449 359 2514 vitem
384 2447 466 2513 mihi
495 2448 610 2515 debere
638 2454 798 2535 putaram,
824 2448 997 2533 impetrare
1026 2467 1122 2511 ame
1146 2466 1215 2511 non
1241 2445 1332 2531 potui

138 2556 169 2617 2.
194 2552 282 2623 Quid
309 2573 386 2637 ergo
411 2552 486 2617 cst?
530 2551 654 2618 Temen
678 2575 751 2618 cum
775 2554 844 2618 eiua
869 2552 994 2637 aliquot
1017 2549 1138 2628 amicis,
1166 2547 1226 2635 qui
1247 2554 1334 2615 teta

137 2665 229 2723 erunt
254 2677 399 2720 meorum
428 2655 462 2718 iu
492 2655 586 2720 illum
616 2656 814 2735 meritorum,
844 2655 969 2720 locutus
991 2675 1084 2717 eum:
1107 2656 1221 2737 postea
1246 2673 1332 2736 quam

135 2761 229 2825 illum
244 2782 285 2823 ne
300 2758 375 2842 quoi
395 2759 473 2823 sotis
493 2759 611 2824 iaceret
631 2760 762 2844 quidem
776 2782 828 2825 me
843 2759 981 2844 dignum
996 2755 1113 2821 habere
1128 2754 1225 2834 sensi,
1242 2754 1334 2821 malui

135 2864 275 2947 collegae
289 2863 367 2939 eius,
389 2862 513 2926 homini
533 2862 726 2928 alienissimo
744 2861 826 2927 mihi
849 2867 881 2928 et
899 2863 1030 2946 propter
1052 2858 1231 2923 amicitiam
1252 2862 1335 2923 tuam

169 3037 191 3082 1.
210 3029 387 3143 bomoaroruafl
424 3030 511 3079 ‘could
526 3039 569 3079 not
580 3031 613 3095 by
625 3047 711 3080 reason
794 3036 872 3093 {parem
884 3027 1084 3093 reprehenderer]
1113 3027 1272 3077 Theoditorr
1281 3043 1333 3092 rup-

132 3098 161 3147 οι
182 3097 221 3146 hia
243 3095 353 3158 rapacitv
388 3094 445 3156 ring
466 3095 568 3143 himself
588 3102 614 3145 to
636 3111 712 3160 rcpay
761 3095 806 3161 ply
823 3105 849 3144 ut
857 3111 868 3154 ;
887 3096 934 3144 but
950 3093 1049 3144 Caelius
1065 3093 1136 3142 often
1151 3093 1236 3141 learea
1251 3100 1294 3142 out
1311 3100 1334 3141 a!

134 3164 202 3212 theeo
218 3147 344 3211 eervices.3
378 3160 476 3208 Caelius
491 3176 594 3222 appears
611 3167 637 3209 to
648 3160 712 3209 have
762 3161 827 3210 after
843 3160 923 3221 verbs,
942 3176 969 3208 aa
986 3158 1080 3207 Becher
1096 3160 1132 3220 (p.
1147 3161 1170 3217 l)
1187 3157 1234 3205 hue
1244 3158 1333 3217 ahorn,

133 3228 208 3277 asked
224 3225 320 3288 Appius
336 3224 375 3272 fur
391 3242 406 3273 a
420 3225 477 3272 loen
494 3241 521 3273 or
536 3225 585 3288 gift
600 3225 627 3273 oi
645 3240 712 3274 some
761 3226 997 3287 constantemve,
1008 3227 1031 3284 6,
1046 3225 1068 3283 5,
1083 3222 1130 3285 Ep.
1141 3221 1235 3282 ccxlii.;
1249 3238 1333 3284 repara,

134 3308 223 3356 money
249 3291 275 3337 in
304 3296 389 3338 return
416 3289 456 3337 for
481 3289 524 3338 the
548 3290 653 3338 eervices
680 3289 712 3339 he
765 3294 801 3351 ll,
816 3296 839 3351 4,
863 3289 909 3352 Ep.
927 3287 1043 3343 cclxvii.;
1063 3302 1148 3347 censeo,
1168 3291 1207 3347 lo,
1227 3289 1252 3336 ὀ.
1286 3285 1336 3335 'Ibe

135 3358 182 3405 had
206 3358 268 3403 done
290 3356 386 3416 Appius
408 3354 482 3402 when
504 3353 546 3402 the
568 3355 643 3403 latter
661 3370 712 3403 urae
761 3371 832 3404 oenoe
848 3354 877 3413 ie,
900 3352 928 3401 ‘I
941 3353 1013 3401 could
1027 3360 1072 3400 not
1086 3351 1182 3413 prevail
1200 3366 1233 3399 on
1249 3350 1337 3415 myreli

133 3420 293 3533 ltttlt
309 3419 485 3545 dlldtt
501 3418 711 3547 llllilillslll
760 3415 1336 3543 33{5¹:2⁰2lttllt¹ltill⁰zlldltt

133 3548 347 3612 aspeudthriitae
359 3547 456 3596 Caelius
468 3564 534 3603 wae3
552 3550 600 3596 aud
612 3564 649 3596 wa
665 3564 711 3596 (eun
761 3549 901 3597 endeavour
916 3553 943 3596 tc
961 3546 1037 3595 ebech
1056 3545 1120 3594 him’
1139 3545 1177 3608 (iu
1197 3532 1249 3593 chii
1268 3559 1336 3593 mean

132 3613 210 3679 easily
228 3614 335 3675 imagine
353 3612 408 3661 that
426 3613 457 3661 ho
475 3613 573 3661 refused
595 3628 622 3661 eo
639 3613 709 3660 awk-
761 3613 883 3675 caballing
901 3611 998 3676 against
1015 3610 1074 3674 me).
1117 3609 1190 3658 Some
1213 3624 1334 3659 commen·

134 3679 228 3742 wardly
247 3680 295 3725 and
320 3676 495 3741 ungraeiouely
520 3693 547 3725 aa
566 3683 592 3726 to
615 3676 711 3725 irritare
760 3684 837 3726 tutore
859 3678 917 3725 read
937 3678 1084 3736 prenderent,
1110 3673 1160 3723 ie.
1192 3673 1266 3723 ‘take
1287 3672 1335 3723 him

134 3743 232 3792 Caclius
243 3741 373 3805 violently.
762 3742 829 3791 aeide
840 3743 888 3789 and
900 3741 947 3804 beg
958 3740 1010 3789 him
1025 3746 1070 3788 not
1080 3746 1106 3787 to
1117 3739 1202 3801 injure
1214 3737 1281 3787 me’:
1299 3752 1334 3801 op.

166 3806 301 3871 collectam]
335 3804 521 3869 eoofaugure.
558 3806 708 3855 Somaoom·
762 3806 819 3855 Tar.
833 3806 926 3855 Hoaut.
940 3804 977 3853 ιιι.
993 3807 1014 3861 l,
1030 3806 1069 3862 89,
1089 3805 1165 3865 Syrus
1183 3810 1218 3851 ert
1231 3803 1334 3865 predae·

133 3882 268 3921 moututcre
285 3871 347 3919 wieh
364 3879 389 3919 to
406 3872 464 3919 read
481 3872 606 3932 rcllrpum:
626 3887 660 3919 ec.
679 3871 708 3919 L.
762 3873 853 3920 deradere
863 3877 935 3931 atqua
945 3869 1105 3917 exhortandae
1118 3868 1189 3916 oniti.

135 3937 199 3997 l'iso,
215 3936 270 3985 who
286 3951 337 3984 war
351 3944 377 3985 at
392 3935 442 3984 thia
459 3934 518 3983 liure
535 3952 620 3984 eeneor
637 3935 710 3999 along
794 3938 818 3984 2.
837 3934 963 3999 recreetur]
992 3934 1025 3983 So
1036 3932 1190 3996 Wesenberg
1201 3933 1268 3993 (Em.
1284 3934 1336 3993 11³)

134 4002 197 4050 with
210 4000 311 4063 Appius.
760 3999 800 4048 ior
811 4002 888 4061 pereat.

167 4067 197 4114 I.
222 4063 341 4129 Irenaeo]
384 4063 555 4124 Ahenobarbo,
581 4063 637 4113 who
661 4063 710 4113 had
792 4072 871 4125 perrea
886 4079 957 4126 quam
971 4100 977 4111 .
993 4100 999 4111 .
1014 4099 1020 4110 .
1033 4060 1108 4128 aerari]
1145 4060 1236 4111 ‘when
1256 4059 1270 4109 Ῑ
1288 4075 1336 4110 m

134 4131 196 4179 beon
208 4129 293 4178 consul
302 4129 327 4177 in
338 4132 384 4179 700
393 4128 525 4192 (aajelong
535 4128 595 4177 with
606 4129 709 4192 Appius.
760 4128 815 4178 that
831 4128 862 4176 he
878 4129 919 4176 did
935 4133 980 4177 not
994 4126 1054 4176 hold
1071 4142 1111 4175 mo
1125 4126 1224 4190 worthy
1236 4141 1299 4175 evan
1313 4124 1338 4175 oi

169 4198 212 4243 Cn.
241 4193 362 4258 Pompeio]
408 4194 433 4241 lt
460 4193 481 4241 is
512 4193 627 4256 prcbable
656 4194 712 4243 that
760 4192 915 4256 reparation'

136 4259 240 4319 Caelius,
258 4274 285 4306 aa
301 4258 374 4321 being
388 4274 420 4306 ou
436 4266 511 4306 terme
530 4260 556 4306 oi
573 4258 710 4320 friondship
793 4275 820 4305 ue
831 4257 898 4331 paci]
917 4255 1021 4305 Archaio
1031 4254 1072 4305 ior
1082 4270 1111 4303 ne
1122 4257 1160 4304 eui
1170 4271 1180 4304 .·
1192 4270 1233 4304 rea
1244 4260 1302 4305 note
1311 4258 1337 4305 to

135 4324 196 4372 with
211 4340 286 4387 many
297 4324 323 4372 ol
335 4323 445 4371 Coeuur'e
457 4322 585 4385 partieane,
602 4339 653 4373 waa
667 4330 712 4373 not
762 4322 832 4371 Fam.
845 4321 898 4370 viii.
914 4325 936 4379 1,
951 4326 972 4382 1,
986 4320 1034 4383 Ep.
1051 4320 1122 4370 cxcii.
1157 4319 1185 4368 M
1200 4321 1272 4369 reade
1285 4321 1334 4382 qut.

133 4389 221 4439 loolred
231 4404 264 4437 ou
275 4387 336 4437 with
347 4389 437 4436 favour
448 4388 481 4451 by
493 4387 633 4451 Pompeius.
792 4389 936 4436 allenieaa'mo
945 4388 1006 4435 mibi
1017 4384 1052 4451 et]
1081 4384 1167 4435 Cicero
1176 4384 1273 4450 always
1282 4398 1338 4434 uu
