2976 5356
523 326 678 397 acuar.
705 328 821 412 (aar
852 328 911 396 VJ.
935 330 983 413 a).
1300 334 1362 399 191

157 504 190 567 ot
205 521 314 587 spero,
329 501 515 588 propediem
528 506 562 567 te
576 500 702 568 ridebo.
748 502 778 567 7.
801 499 908 570 Venio
928 503 971 567 ad
985 501 1127 569 Brutum
1141 509 1246 583 tuum,
1263 506 1362 572 immo

156 610 326 671 nostrum:
350 604 395 671 sio
408 604 496 671 enim
510 605 622 670 mavis.
668 604 832 691 Equidem
846 605 955 670 omnia
965 606 1037 687 teci,
1053 630 1135 693 quae
1149 610 1241 693 potui
1256 611 1362 675 autin

154 728 228 775 mea
242 707 411 795 provincia
425 708 575 794 perticere
590 713 648 774 aut
663 710 699 773 in
720 729 822 793 regno
843 709 992 794 experiri.
1038 710 1137 776 Omni
1151 712 1253 798 igitur
1266 715 1363 780 modo

149 811 207 897 egi
234 833 312 877 oum
337 832 414 897 rege
439 814 473 876 et
501 833 564 898 ago
589 811 717 890 cotidie,
743 834 800 897 per
821 811 946 877 litteras
967 812 1094 880 scilieet
1137 814 1252 901 Ipsum
1274 818 1362 884 enim

148 914 305 981 triduum
319 913 575 1000 quadriduumve
596 937 723 980 mecum
745 913 845 980 habui
864 914 1060 982 turbulentis
1075 918 1110 983 in
1124 918 1229 1000 rebus,
1245 918 1362 1005 quibus

141 1038 231 1083 eum
244 1016 393 1083 liberavi.
437 1017 503 1083 Sed
525 1020 559 1083 et
580 1021 653 1083 tum
674 1039 825 1103 praesens
847 1022 880 1084 et
901 1023 1013 1103 postea
1035 1021 1233 1088 creberrimis
1247 1024 1365 1089 litteris

137 1142 222 1187 non
242 1120 356 1186 destiti
380 1142 495 1206 rogare
520 1124 553 1186 et
579 1125 687 1206 petere
710 1143 783 1186 mea
806 1143 911 1201 causa,
934 1123 1066 1189 suadere
1092 1132 1125 1190 et
1147 1126 1270 1191 hortari
1295 1150 1362 1193 sua.

135 1220 305 1291 Multum
318 1223 450 1310 profeci,
470 1224 527 1289 sed
543 1230 712 1309 quantum,
734 1245 801 1289 non
819 1224 926 1310 plane,
942 1226 1019 1310 quia
1033 1227 1130 1314 longe
1145 1229 1269 1307 absum,
1286 1230 1362 1296 scio.

136 1326 352 1393 Salaminios
366 1326 577 1393 autem-hos
592 1327 680 1393 enim
701 1332 846 1414 poteram
868 1332 1188 1411 coercere-adduxi,
1204 1338 1242 1398 ut
1256 1338 1362 1400 totum

137 1452 276 1497 momen
299 1428 429 1515 Scaptio
452 1429 575 1496 vellent
598 1429 730 1510 solvere,
756 1432 813 1496 sed
838 1432 1019 1497 centesimis
1044 1435 1149 1501 ductis
1170 1459 1191 1501 a
1215 1438 1364 1522 proxima

139 1534 289 1621 quidem
303 1532 502 1620 syngrapha,
517 1556 577 1599 nec
591 1535 765 1621 perpetuis,
780 1535 836 1600 sed
849 1535 1011 1601 renovatis
1025 1538 1207 1622 quotannis.
1238 1539 1363 1606 Nume-

140 1636 314 1704 rabantur
327 1636 473 1704 nummi:
496 1638 602 1703 noluit
613 1638 772 1723 Scaptius.
818 1636 870 1703 Tu
882 1642 947 1719 qais
958 1639 1015 1724 qui
1030 1641 1077 1705 ais
1091 1640 1233 1707 Brutum
1249 1666 1364 1728 cupere

148 1740 282 1827 aliquid
305 1741 465 1827 perdere?
509 1739 692 1813 Quaternos
718 1739 857 1806 habebat
885 1742 921 1806 in
944 1742 1140 1829 syngrapha.
1186 1744 1275 1811 Fieri
1296 1768 1363 1811 non

152 1848 294 1931 poterat,
309 1866 378 1924 nec,
393 1844 422 1909 si
435 1848 552 1929 posset,
573 1866 634 1931 ego
652 1844 723 1930 pati
742 1866 876 1930 possem.
922 1843 1033 1911 Audio
1048 1847 1179 1913 omnino
1194 1848 1362 1934 Scaptium

156 1946 332 2033 paenitere.
376 1946 466 2013 Nam
488 1947 576 2032 quod
598 1950 730 2013 senatus
751 1949 935 2013 consultum
956 1971 1023 2014 esse
1045 1950 1182 2031 dicebat,
1205 1957 1242 2018 ut
1257 1953 1308 2017 ius
1322 1975 1363 2018 ex

158 2048 346 2137 syngrapha
360 2049 527 2129 diceretur,
544 2072 581 2115 eo
595 2051 728 2118 consilio
743 2051 866 2117 tactum
881 2055 939 2129 est,
952 2054 1037 2137 quod
1047 2054 1216 2139 pecuniam
1226 2054 1362 2121 Salami-

157 2152 204 2219 nii
217 2158 333 2219 contra
346 2151 452 2240 legem
473 2150 648 2219 Gabiniam
668 2157 880 2240 sumpserant.
925 2152 1067 2222 Vetabat
1090 2161 1199 2222 autem
1212 2157 1296 2224 Auli
1309 2159 1362 2223 lex

157 2255 207 2323 ius
227 2256 295 2321 dici
317 2258 358 2322 de
379 2256 426 2321 ita
447 2260 577 2342 sumpta
598 2257 743 2342 pecunia.
788 2256 941 2322 Decrevit
962 2257 1065 2344 igitur
1085 2265 1226 2341 senatus,
1250 2267 1286 2326 ut
1311 2262 1364 2327 ius

159 2359 319 2427 diceretur
339 2382 375 2423 ea
396 2358 460 2425 ista
482 2359 678 2446 syngrapha.
723 2360 823 2427 Nunc
851 2360 914 2425 ista
937 2360 1035 2427 habet
1057 2361 1137 2428 iuris
1163 2364 1250 2429 idem
1276 2366 1363 2450 quod

159 2466 291 2543 ceterae,
306 2460 391 2526 nihil
401 2461 575 2547 praecipui.
620 2464 650 2528 8.
667 2461 762 2529 Haec
776 2486 796 2529 a
810 2486 863 2530 me
878 2465 989 2530 ordine
1004 2466 1091 2532 tacta
1102 2472 1181 2552 puto
1196 2490 1248 2534 me
1258 2467 1365 2534 Bruto

158 2566 380 2651 probaturum,
407 2563 469 2631 tibi
491 2565 608 2646 nescio,
635 2565 753 2632 (latoni
778 2571 863 2633 certe
886 2567 1037 2652 probabo.
1083 2568 1148 2635 Sed
1173 2571 1239 2636 iam
1266 2572 1309 2636 ad
1331 2577 1364 2638 te

158 2666 265 2755 ipsum
293 2672 445 2733 revertor.
501 2665 572 2733 Ain
600 2670 744 2751 tandem,
774 2668 895 2749 Attice,
924 2671 1075 2738 laudator
1103 2672 1302 2760 integritatis
1330 2680 1363 2741 et

159 2770 340 2859 elegantiae
354 2775 504 2838 nostrae:

501 2884 609 2949 Ausus
623 2906 653 2949 ea
667 2887 722 2949 loc
737 2907 772 2949 ea
786 2907 837 2950 ore
853 2893 904 2949 tuo
921 2937 928 2950 .
947 2938 954 2951 .
974 2936 981 2950 .
1001 2936 1020 2964 .,

158 3024 265 3111 inquit
279 3022 419 3103 Ennius,
433 3027 473 3089 ut
494 3023 619 3109 equites
644 3024 773 3111 Scaptio
797 3027 840 3092 ad
865 3027 1035 3112 pecuniam
1050 3031 1227 3115 cogendam
1242 3030 1363 3111 darem,

159 3148 208 3195 me
221 3128 367 3215 rogare?
389 3149 431 3193 an
446 3132 496 3207 tu,
512 3128 539 3193 si
554 3151 680 3194 mecum
695 3151 786 3208 esses,
799 3130 855 3215 qui
867 3129 977 3196 scribis
991 3132 1131 3197 morderi
1142 3137 1174 3196 te
1188 3132 1363 3212 interdum,

159 3231 245 3317 quod
254 3253 321 3297 non
330 3229 429 3296 simul
439 3231 492 3312 eis,
505 3237 650 3318 paterere
664 3255 716 3299 me
728 3234 763 3299 id
772 3234 887 3313 facere,
898 3234 926 3298 ei
935 3234 1077 3299 vellem?
1120 3234 1199 3300 Non
1214 3237 1364 3321 amplius,

159 3332 276 3421 inquis,
291 3333 539 3419 quinquaginta.
585 3334 669 3401 (lum
684 3334 838 3422 Spartaco
852 3337 961 3403 minus
980 3337 1079 3403 multi
1098 3337 1204 3424 primo
1218 3340 1362 3405 fuerunt.

188 3500 213 3553 7.
230 3496 316 3564 rayno]
333 3496 495 3562 Cappadocia.
789 3502 874 3552 ‘what
883 3501 945 3551 kind
955 3502 983 3551 oi
992 3502 1072 3566 figure
1083 3503 1114 3552 do
1125 3518 1175 3567 you
1186 3520 1243 3554 now
1254 3511 1305 3564 cut,
1315 3520 1365 3570 you

184 3562 451 3630 perlitaraueiticet]
478 3564 734 3630 ‘byletter‚1mcan;
788 3566 846 3616 who
856 3583 901 3631 say
912 3566 967 3616 that
979 3567 1218 3618 Brutusisanxious
1230 3575 1256 3618 to
1267 3571 1365 3619 makca

159 3626 223 3679 icrl
239 3628 304 3677 heve
321 3627 372 3677 bad
387 3626 441 3677 him
452 3628 515 3679 with
531 3646 572 3681 ma
589 3630 649 3695 only
669 3631 738 3682 three
788 3631 918 3681 sacrifice?
950 3631 992 3681 He
1009 3632 1059 3681 had
1076 3634 1108 3680 48
1127 3648 1172 3695 pcr
1193 3640 1257 3684 cent.
1279 3634 1307 3682 in
1325 3634 1365 3685 his

159 3692 254 3743 oriour
264 3692 346 3757 days!
787 3697 873 3746 bend)
892 3696 945 3745 'l'he
956 3712 1022 3746 same
1033 3696 1255 3761 maamngismore
1266 3699 1366 3764 usually

188 3758 270 3807 datia
282 3794 289 3807 .
303 3794 311 3806 .
326 3792 333 3805 .
345 3756 487 3822 quotannis]
522 3762 565 3809 ‘at
577 3762 607 3808 12
619 3775 662 3822 per
672 3768 738 3809 cent.
788 3763 914 3825 ‹onveycd
924 3762 958 3826 by
970 3763 1018 3822 abi,
1029 3763 1078 3810 and
1090 3762 1153 3811 Boot
1163 3764 1246 3812 would
1256 3765 1314 3812 read
1326 3766 1365 3813 abt

157 3820 296 3873 alcum
309 3820 376 3871 ircm
389 3821 433 3872 the
449 3823 506 3872 date
519 3823 547 3883 oi
562 3824 606 3873 the
620 3823 668 3873 last
681 3840 739 3874 oon·
789 3828 870 3889 tuqui
881 3827 938 3884 aia;
955 3827 1000 3875 but
1010 3827 1154 3889 quiawould
1162 3842 1229 3876 moro
1240 3829 1348 3877 naturall

157 3891 230 3947 unat,
247 3886 299 3935 and
316 3891 362 3935 not
383 3892 410 3936 at
428 3886 517 3951 simple
534 3888 580 3938 but
601 3890 740 3952 compouud
788 3890 835 3940 fall
849 3896 901 3951 out,
919 3890 1010 3951 amesa,
1029 3890 1125 3952 indeed,
1144 3907 1182 3941 wc
1199 3893 1258 3942 read
1274 3894 1310 3942 Tu
1325 3846 1366 3943 ubl

157 3950 281 4003 uwoea’
326 3950 407 4001 There
430 3950 489 4013 had,
513 3968 546 4002 no
567 3953 653 4015 doubt,
677 3953 740 4003 been
789 3958 888 4019 quiuis.

157 4015 298 4067 marathus
314 4029 361 4064 one
377 4018 517 4079 myrapia
531 4016 559 4066 in
573 4018 699 4068 reference
714 4026 741 4069 to
820 4020 887 4069 aiau
896 4019 1036 4085 praecipat]
1071 4020 1111 4069 On
1125 4019 1176 4069 this
1190 4021 1271 4070 whole
1282 4028 1363 4073 trans·

157 4080 201 4131 tbe
211 4078 380 4131 motion:
399 4096 439 4131 sce
449 4097 483 4131 on
494 4082 547 4131 att.
558 4098 584 4131 v.
595 4086 636 4145 21,
648 4086 687 4143 11,
699 4086 738 4145 12,
789 4085 879 4144 action,
893 4100 933 4134 sec
943 4100 976 4134 cn
986 4086 1041 4134 Att.
1049 4100 1074 4133 v.
1087 4088 1127 4144 21,
1143 4088 1181 4145 12,
1194 4085 1242 4148 Ep.
1255 4086 1301 4135 ecl.

157 4144 207 4211 Ep.
220 4144 286 4205 ccl.;
305 4144 401 4195 andri.
416 4149 438 4205 1,
452 4148 476 4205 5,
490 4146 538 4210 Ep.
551 4146 616 4197 celii.
821 4148 964 4215 alcyonitae]
994 4149 1196 4213 ‘moralpurism,
1205 4150 1366 4213 punetilious·

190 4216 219 4259 tu
233 4209 404 4276 quoquina]
432 4208 482 4260 We
495 4210 559 4261 have
570 4212 679 4261 restored
687 4214 742 4275 qais
789 4214 865 4264 nass!

156 4274 224 4325 from
234 4276 290 4325 aa.
303 4272 398 4335 viil'l,
412 4277 436 4324 2.
471 4274 551 4325 There
562 4275 742 4327 itisfollorrcd
823 4280 847 4328 8.
865 4280 969 4339 amplias
984 4280 1171 4341 quinquaqinta]
1204 4278 1250 4331 Sca
1266 4295 1298 4331 cn
1311 4282 1365 4332 Aa.

156 4338 193 4405 by
211 4340 290 4401 aab„
310 4339 360 4388 and
380 4354 465 4390 means
490 4341 563 4390 ‘arbo
585 4356 626 4391 are
645 4357 696 4406 you
714 4350 742 4393 to
789 4358 816 4393 r.
832 4347 854 4404 1,
871 4346 894 4403 l,
907 4342 956 4406 Ep.
969 4342 1079 4392 clxxxiv.

156 4404 242 4470 say’t
256 4356 327 4465 lere,
344 4402 463 4455 iossowed
476 4405 513 4471 by
525 4405 610 4469 indic,
623 4405 645 4456 it
657 4421 742 4458 meana
