2976 5356
491 370 715 439 oonxnrr.
742 371 858 453 (arr.
890 372 949 441 Vl.
973 374 1020 457 s).
1290 373 1355 438 245

136 568 231 633 quas
243 546 365 613 serrum
380 548 414 613 et
427 544 476 612 vis
489 544 657 612 iudicabit.
702 544 852 632 Uterque
867 549 900 612 et
915 545 1023 613 animo
1038 549 1071 611 et
1085 545 1184 632 oopiis
1198 549 1246 612 est
1259 567 1353 631 para·

137 656 212 716 tus.
258 649 295 715 Si
316 649 385 715 sine
407 672 532 715 summo
551 648 693 735 periculo
716 649 787 716 lieri
808 654 925 736 posset,
947 672 1105 736 magnum
1125 653 1157 716 et
1176 649 1353 716 iucundum

140 751 213 820 tibi
227 752 375 819 Fortuna
389 751 607 839 spectaculum
620 752 765 839 parabat.

251 1238 475 1307 oonxxxr.
522 1238 691 1308 cronno
715 1239 773 1307 ro
796 1239 999 1308 Armeno
1025 1241 1120 1326 (An.
1144 1224 1194 1308 «ις’
1216 1244 1257 1327 ε).

445 1467 476 1512 s.
492 1466 527 1510 u.
543 1466 570 1512 c.
588 1462 657 1526 ⁷043
680 1467 712 1511 n.
729 1466 756 1511 c.
773 1464 827 1523 ⁶⁰3
851 1466 925 1511 ann.
943 1466 1001 1511 c1c.
1018 1466 1059 1514 oo.

202 1647 312 1699 Litteras
323 1648 402 1699 Attici
412 1648 505 1712 Ephesi
516 1647 564 1699 sibi
574 1648 682 1699 redditas
693 1664 708 1699 a
720 1647 825 1698 Batonio
841 1654 924 1713 gratas
940 1647 1019 1699 fuisse
1029 1647 1161 1713 significat,
1176 1650 1218 1699 sed
1230 1649 1364 1700 Batonium

150 1744 235 1781 meros
250 1736 357 1781 terrores
374 1729 533 1780 Caesarianos
550 1730 582 1781 ad
599 1746 626 1780 se
644 1730 774 1780 attulisse:
793 1730 824 1779 de
841 1730 957 1780 tarditate
974 1729 1139 1793 navigationis
1158 1746 1225 1791 suae,
1246 1731 1276 1781 de
1293 1732 1367 1782 rebus

151 1811 258 1863 urbem
268 1812 326 1863 vult
338 1811 433 1862 edoceri
445 1818 470 1861 et
480 1811 541 1876 quid
551 1811 651 1862 Atticus
666 1813 697 1862 de
707 1811 835 1877 triumpho
849 1827 895 1863 suo
909 1812 1009 1876 cogitet.
1043 1811 1181 1876 Epistolam
1191 1811 1259 1863 dedit
1269 1812 1368 1876 Epheso

152 1894 324 1945 eomosndens
335 1892 394 1943 Kal.
408 1893 509 1944 Octobr.

571 2058 703 2114 CICERO
721 2057 853 2114 ATTICO
872 2058 948 2113 SAL.

225 2201 256 2267 1.
280 2198 366 2266 (lum
390 2199 601 2266 instituissem
624 2202 668 2266 ad
692 2203 726 2267 te
752 2198 886 2265 seribere
909 2200 1132 2287 calamumque
1153 2200 1367 2287 sumpsissem,

156 2304 322 2371 Batonius
344 2326 362 2369 e
384 2304 461 2370 navi
482 2308 569 2369 recta
591 2305 633 2369 ad
661 2326 714 2370 me
736 2304 826 2370 venit
848 2305 980 2368 domum
1002 2303 1125 2389 Ephesi
1147 2308 1179 2369 et
1201 2303 1370 2390 epistolam

155 2412 252 2475 tunm
264 2408 408 2474 reddidit
422 2408 526 2495 pridie
546 2406 624 2473 Kal.
642 2407 804 2473 Octobres.
849 2405 1007 2473 Laetatur
1022 2430 1093 2472 sum
1107 2407 1263 2474 ielioitate
1277 2407 1370 2473 navi·

156 2510 302 2601 gationis
316 2514 402 2591 tuae,
419 2511 659 2597 opportunitate
674 2510 789 2591 Piliae,
805 2510 902 2576 etiam
917 2511 1045 2577 hercule
1064 2533 1209 2577 sermone
1227 2511 1369 2577 eiusdem

157 2616 201 2681 de
222 2615 375 2701 coniugio
394 2614 522 2681 Tulliae
543 2637 642 2680 meae.
688 2616 719 2680 2.
743 2614 905 2680 Batonius
925 2620 1033 2679 autem
1053 2637 1156 2680 meros
1173 2619 1309 2682 terrores
1328 2616 1372 2681 ad

157 2740 212 2785 me
234 2718 348 2784 attulit
368 2716 584 2798 Caesarianos,
603 2740 676 2783 oum
696 2717 804 2804 Lepta
823 2718 921 2783 etiam
944 2719 1038 2803 plura
1057 2718 1183 2783 loeutus
1201 2722 1259 2796 est,
1279 2740 1371 2806 spero

159 2822 255 2903 false,
272 2822 330 2887 sed
350 2825 435 2888 oerte
452 2822 629 2901 horribilia,
644 2822 822 2887 exereitum
841 2821 933 2886 nullo
953 2822 1048 2887 modo
1066 2821 1282 2899 dimissurum,
1298 2844 1372 2888 oum

159 2926 219 2992 illo
229 2930 393 3014 praetores
407 2925 603 3012 designatos,
616 2924 762 2991 Cassium
773 2924 942 2991 tribunum
952 2925 1010 3011 pl.,
1019 2925 1198 2991 Lentulum
1209 2926 1372 2993 consulem

159 3028 278 3109 fnoore,
294 3027 449 3114 Pompeio
463 3029 499 3094 in
514 3028 623 3094 animo
643 3052 709 3095 esse
729 3027 843 3094 urbem
860 3029 1051 3114 relinquere.
1097 3030 1126 3095 3.
1151 3028 1216 3095 Sed
1229 3030 1310 3096 heus
1322 3034 1371 3110 tu,

160 3132 338 3219 numquid
354 3132 486 3197 moleste
500 3132 565 3197 fers
580 3133 620 3197 de
637 3132 705 3212 illo,
721 3133 778 3217 qui
795 3155 829 3198 se
848 3133 930 3198 solet
944 3134 1103 3198 anteferre
1122 3137 1238 3219 patruo
1257 3133 1373 3200 sororia

161 3244 239 3303 tuae
262 3234 351 3301 filii?
394 3234 444 3302 At
465 3258 485 3300 a
507 3233 623 3321 quibus
645 3236 777 3301 rietus?
825 3235 891 3302 Sed
912 3237 955 3301 ad
976 3258 1054 3302 rem.
1108 3240 1138 3301 4.
1163 3236 1234 3303 Nos
1256 3236 1372 3304 etesiae

194 3415 226 3465 Si
236 3416 307 3464 siae.
322 3450 329 3462 .
343 3412 478 3478 ,parahafl
500 3412 549 3462 We
557 3412 646 3462 should
657 3418 746 3476 expect
794 3428 861 3463 some
873 3411 1049 3463 circumstance
1064 3412 1147 3463 which
1159 3414 1230 3463 made
1242 3413 1282 3464 his
1293 3420 1371 3465 meet-

159 3485 272 3541 parmt.
306 3476 357 3527 But
371 3478 414 3527 the
428 3493 498 3527 senes
512 3478 648 3540 impliedis
665 3479 742 3528 ‘For-
794 3478 838 3542 ing
849 3479 910 3527 with
922 3477 961 3527 his
973 3478 1032 3527 wife
1043 3494 1068 3527 es
1086 3478 1174 3543 ecially
1185 3486 1330 3542 opportune.

162 3544 260 3595 erneis
276 3542 502 3607 prepnring(epist,
515 3542 745 3607 imperf.)foruss
827 3546 852 3592 2.
870 3559 944 3591 mnes
966 3495 1085 3608 terroresf
1119 3559 1157 3607 cp.
1176 3559 1242 3592 mera
1257 3549 1372 3605 monstra,

222 3608 391 3672 tdisplcyon
407 3607 452 3656 her
467 3614 543 3669 stage,
560 3608 610 3656 end
625 3607 647 3657 it
662 3607 744 3657 would
795 3608 848 3656 Att.
871 3607 906 3657 iv.
932 3609 957 3668 7,
979 3611 1001 3665 1,
1020 3607 1068 3670 Ep.
1090 3608 1160 3667 exi.;
1189 3624 1254 3656 onera
1276 3610 1370 3669 autera,

163 3624 345 3787 §picium
359 3672 477 3786 miqui?
493 3672 745 3786 bemtqrestpepttqetors
794 3671 830 3720 ix.
856 3675 950 3783 13,t1;
977 3671 1308 3787 :lanum-'bellisqnfflinoellff
1338 3677 1370 3749 {h

164 3744 274 3867 dmighr'
285 3753 406 3866 :wdpfoidr
420 3801 464 3850 the
477 3752 612 3851 :dnhinehh
624 3752 746 3851 honorarii
795 3746 975 3875 meamqvp
992 3752 1149 3865 indidisti]
1166 3772 1173 3797 ’
1193 3753 1254 3851 ‘hie
1279 3753 1374 3851 onmhii

164 3868 222 3916 init.
257 3865 312 3916 The
323 3881 369 3915 uss
376 3867 433 3915 read
444 3882 494 3926 suo,
504 3865 587 3916 which
595 3865 746 3929 Wesenberg
797 3864 929 3930 (ansnr's)
947 3864 1018 3914 erde'

167 3932 233 3995 (Eas.
257 3934 313 3993 121)
329 3931 404 3980 alters
421 3937 447 3980 to
463 3947 570 3990 summm
587 3930 608 3980 it
624 3930 653 3991 is,
671 3947 699 3979 as
714 3931 747 3979 he
828 3930 973 3995 dorionatoa]
1017 3928 1078 3978 This
1100 3929 1168 3978 word
1192 3928 1305 3994 qnalifles
1329 3935 1374 3981 not

166 4010 232 4061 says,
248 3995 398 4045 ‘urbanius’
416 3995 477 4044 than
491 4004 539 4056 tuo,
555 3995 599 4045 the
612 3995 747 4045 correction
795 3995 856 4060 only
867 4003 989 4057 praetem
1005 3994 1051 4044 but
1067 3995 1189 4042 tribunum
1201 3997 1240 4057 pl.
1255 3995 1304 4045 and
1319 4011 1373 4044 coa·

166 4060 272 4124 adopted
288 4060 324 4126 by
345 4066 409 4110 most
430 4060 485 4110 edd.
520 4060 570 4110 For
586 4077 675 4110 summo
691 4076 745 4110 eor·
796 4062 878 4110 sulem.

167 4127 257 4190 rupted
266 4124 321 4175 into
331 4142 380 4185 ruo,
394 4141 433 4187 cp.
446 4123 518 4174 Belb.
531 4127 571 4174 56.
800 4126 952 4238 193.3ᾰιΕἰίἱο
963 4125 1025 4186 qui.
1040 4160 1046 4171 .
1061 4158 1067 4171 .
1073 4121 1141 4189 filiu]
1175 4122 1222 4174 See
1236 4139 1269 4175 on
1279 4124 1333 4174 stt.
1345 4140 1372 4174 v.

931 4204 1018 4238 .ecxx.

202 4256 226 4303 1.
238 4254 516 4318 opportunitatePilice]
535 4253 747 4317 ‘theopportune-
831 4205 959 4319 dq’us'ohs]
993 4252 1020 4302 0.
1040 4250 1160 4302 Claudius
1178 4251 1312 4303 Marcellus
1326 4253 1376 4303 and

169 4332 225 4369 nese
239 4319 268 4369 oi
284 4318 366 4380 Pilis‚'
384 4336 400 4369 a
415 4319 517 4369 careless
534 4334 590 4383 way
606 4322 635 4367 ol
647 4318 749 4382 writing
798 4317 828 4367 L.
842 4318 963 4367 Lentulus
979 4315 1050 4367 Orus.
1085 4317 1171 4367 Cicero
1187 4317 1229 4366 did
1244 4322 1289 4367 not
1302 4317 1377 4368 think

172 4384 231 4434 ‘the
242 4390 435 4448 opportuneness
443 4382 471 4433 oi
478 4383 680 4445 Pilia'smeeting
688 4383 749 4433 with
797 4382 887 4448 highly
897 4382 926 4432 oi
941 4382 1010 4431 these
1025 4382 1161 4432 successful
1173 4382 1249 4432 rivale
1263 4381 1292 4433 of
1308 4381 1375 4433 cali-
1401 4434 1404 4439 ,

171 4448 241 4512 you!
274 4448 375 4500 Atticus
391 4449 441 4499 hsd
459 4448 601 4499 mentioned
619 4454 646 4498 to
664 4447 749 4499 Cicero
798 4448 862 4510 um,
875 4446 903 4498 oi
915 4444 1039 4497 whomhs
1053 4446 1145 4512 writes,
1159 4463 1213 4498 ease
1224 4455 1295 4510 putes
1304 4449 1376 4512 qaid·
