2976 5356
450 346 696 416 ocenum
723 348 846 433 (nam
870 349 944 415 ιιι.
968 350 1037 436 15).
1279 353 1345 421 237

140 520 289 601 arbitror,
315 525 445 607 propter
467 520 552 587 hanc
574 521 819 607 παλιγγενεσίαν
840 531 984 589 nostram
1007 546 1073 591 non
1098 526 1345 614 neglegendam.

141 624 217 699 Qua
239 647 277 692 re
301 628 340 691 tu
358 646 496 710 quoque,
520 625 568 691 mi
589 624 711 706 Attice,
737 625 843 713 inoipe
868 627 903 692 id
926 650 1051 713 cupere,
1071 651 1135 717 quo
1155 653 1214 697 nos
1239 631 1348 698 minus

139 729 246 817 inepti
260 729 437 796 videamur.

138 1130 385 1201 GOLXXVII.
423 1131 592 1200 CICERO
602 1132 665 1319 Tg
673 1132 845 1201 APPIUS
861 1134 1104 1203 CLAUDIUS
1120 1136 1350 1205 PULGHER

666 1258 726 1303 su.
743 1259 796 1303 111.
816 1242 868 1322 13).

304 1455 522 1512 samarcam
545 1455 577 1498 A.
599 1453 635 1496 U·
657 1454 683 1496 Ο.
707 1453 770 1511 7⁰43
793 1453 823 1498 B.
846 1454 872 1497 C.
894 1452 943 1506 60;
969 1455 1046 1499 ΑΕΤ.
1068 1457 1127 1501 clc.
1149 1455 1190 1504 66.

192 1637 274 1702 Appio
285 1636 377 1701 gratias
387 1636 449 1698 agit,
458 1637 588 1702 quodsuoa
599 1635 627 1686 in
638 1635 817 1699 supplicatione
827 1636 980 1686 decernenda
990 1636 1089 1700 iuverit,
1103 1639 1184 1689 officia
1194 1656 1239 1689 sua
1246 1641 1348 1704 pollice·

139 1721 200 1765 tur:
219 1714 363 1766 Dolabellae
373 1730 431 1765 eum
445 1713 635 1765 reconciliatum
652 1712 684 1762 in·
702 1718 728 1764 et
745 1728 868 1763 censorem
884 1713 999 1763 futurum
1013 1723 1104 1778 sperat.
1140 1716 1237 1781 Scripta
1248 1719 1352 1783 epistola

140 1801 183 1847 est
192 1796 221 1847 in
230 1796 300 1847 Asia.

514 1961 552 2015 M.
574 1960 706 2016 CICERO
724 1959 782 2014 ΔΡ.
801 1959 944 2014 PULORO
963 1961 991 2015 S.

212 2109 242 2173 1.
266 2107 368 2180 Quasi
382 2107 563 2174 divinarem
578 2107 639 2173 teli
653 2106 688 2172 in
703 2106 806 2173 officio
825 2106 895 2172 fore
914 2106 996 2173 mihi
1011 2108 1183 2193 aliquando
1199 2116 1349 2197 expeten-

140 2210 225 2281 dum
241 2211 386 2278 studium
400 2216 506 2291 tuum,
522 2211 577 2291 sio,
593 2234 667 2277 oum
687 2211 728 2276 de
747 2210 813 2276 tuis
830 2209 925 2276 rebus
945 2213 1043 2297 gestis
1065 2212 1231 2298 agebatur,
1249 2216 1349 2282 inser·

141 2313 273 2381 viebam
295 2314 410 2380 honori
438 2320 506 2380 tuo.
551 2313 670 2379 Dicam
701 2318 810 2379 tamen
840 2335 932 2378 vere:
962 2314 1036 2400 plus
1060 2338 1158 2401 quam
1187 2340 1350 2405 acceperas

142 2418 325 2485 reddidisti.
370 2416 453 2489 Quis
490 2416 578 2484 enim
615 2419 657 2482 ad
693 2438 746 2481 me
781 2437 847 2481 non
878 2418 1061 2503 perscripsit
1089 2424 1121 2485 te
1150 2443 1216 2486 non
1245 2422 1348 2488 solum

142 2524 335 2588 auctoritate
350 2522 513 2602 orationis,
534 2520 696 2586 sententia
715 2524 783 2600 tua,
803 2520 920 2605 quibus
943 2543 1002 2606 ego
1021 2544 1040 2586 a
1060 2523 1119 2587 tali
1133 2524 1202 2589 viro
1217 2530 1348 2591 conten·

142 2632 199 2692 tus
212 2647 311 2705 eram,
326 2626 383 2691 sed
397 2625 497 2690 etiam
511 2646 618 2711 opera,
634 2623 777 2703 oonsilio,
792 2624 925 2688 domum
941 2624 1109 2704 veniendo,
1124 2628 1350 2695 conveniendis

143 2728 236 2809 meis,
269 2728 398 2794 nullum
437 2749 518 2793 onus
559 2728 655 2793 officii
688 2726 839 2811 cuiquam
871 2727 1031 2812 reliquum
1061 2728 1198 2795 fecisse?
1257 2730 1351 2799 Haeo

143 2831 229 2899 mihi
257 2831 415 2917 ampliora
445 2831 550 2896 multo
579 2838 657 2895 sunt
686 2851 785 2916 quam
815 2829 874 2894 illa
898 2829 978 2915 ipsa,
1009 2835 1138 2915 propter
1162 2855 1245 2918 quae
1273 2833 1351 2902 heeo

143 2933 345 3001 laborantur.
405 2932 556 3020 Insiguia
596 2934 684 2999 enim
714 2933 844 2998 virtutis
876 2934 974 3000 multi
1002 2934 1100 2999 etiam
1133 2934 1203 3001 sine
1232 2937 1352 3005 virtute

143 3037 289 3104 adaecmi
313 3041 410 3103 sunt:
433 3037 550 3102 talium
576 3038 720 3102 virorum
745 3039 839 3100 tanta
868 3036 976 3101 studia
1000 3037 1132 3122 adsequi
1157 3040 1224 3104 sola
1249 3041 1352 3108 virtus

143 3144 261 3228 potest.
306 3141 337 3207 2.
361 3139 478 3226 Itaque
497 3138 580 3205 mihi
601 3160 744 3225 propono
767 3138 910 3204 fructum
932 3137 1092 3205 amicitiae
1107 3147 1233 3208 nostrae
1248 3144 1353 3230 ipsam

143 3244 413 3330 amicitiamque
436 3242 521 3307 nihil
540 3247 588 3308 est
611 3241 750 3321 uberius,
770 3241 958 3327 praesertim
976 3243 1011 3308 in
1030 3242 1070 3307 iis
1088 3245 1213 3326 studiis,
1236 3248 1353 3332 quibus

144 3349 282 3431 uterque
304 3349 448 3410 nostrum
475 3343 643 3408 devinctus
664 3345 722 3408 est.
767 3341 856 3406 Nam
877 3340 937 3407 tibi
962 3364 1015 3407 me
1036 3343 1188 3428 profiteor
1209 3347 1297 3411 etin
1318 3371 1353 3413 re

177 3521 388 3588 παλιγγενεσίαν]
425 3525 483 3585 ‘my
499 3520 609 3583 political
624 3535 724 3583 regeno-
776 3518 871 3567 Schiitz
885 3519 934 3567 and
946 3517 1106 3582 Wesenberg,
1123 3519 1187 3569 attor
1202 3520 1350 3585 Gronovius,

145 3588 237 3649 ration,
244 3585 409 3636 remicianae)
427 3584 477 3635 His
488 3593 574 3634 rutum
584 3587 650 3634 irem
661 3584 725 3634 cailo
775 3584 841 3639 read,
861 3584 944 3632 would
963 3583 993 3632 be
1013 3598 1079 3633 more
1098 3585 1197 3633 natural
1215 3589 1265 3635 ond
1285 3604 1352 3639 more

145 3670 199 3703 ns
214 3652 255 3703 his
271 3652 361 3702 second
377 3650 445 3701 birth
460 3650 514 3699 into
530 3649 641 3712 politieal
656 3649 723 3712 posi·
775 3647 932 3697 harmnoious
946 3648 1009 3697 with
1025 3649 1067 3697 tho
1084 3651 1205 3699 extendod
1220 3667 1349 3703 enumera·

144 3719 208 3769 tion,
776 3713 828 3762 tien
839 3713 865 3761 in
877 3712 920 3762 the
931 3723 991 3762 next
1002 3713 1093 3762 clause.

178 3778 361 3845 ninueiaepts']
395 3779 481 3829 Cicero
490 3778 598 3841 thought
614 3777 654 3828 his
669 3794 723 3828 am·
807 3780 901 3827 doraum
917 3777 1040 3844 secondo]
1076 3778 1126 3842 ‘by
1143 3780 1242 3844 coming
1259 3790 1287 3831 to
1308 3799 1352 3848 my

145 3844 226 3897 bition
248 3844 291 3895 for
311 3859 327 3893 a
347 3842 459 3907 triumph
479 3844 563 3892 would
585 3858 650 3893 seem
676 3843 725 3893 less
774 3841 869 3900 house,'
883 3845 930 3890 ie.
943 3843 1031 3905 taking
1042 3843 1102 3891 such
1114 3859 1146 3892 au
1156 3844 1260 3894 interest
1269 3846 1296 3895 iu
1308 3865 1352 3914 my

146 3912 218 3963 ποὺ
234 3909 257 3959 ia
272 3908 313 3959 his
327 3908 423 3957 friends
439 3907 526 3957 shared
541 3906 571 3957 it.
774 3907 857 3955 affairs
868 3907 923 3956 that
931 3923 981 3971 you
990 3908 1098 3971 actually
1107 3924 1174 3957 osmc
1185 3918 1212 3958 to
1223 3927 1264 3975 my
1273 3912 1350 3962 house

774 3978 800 4020 to
811 3971 864 4020 talk
875 3987 935 4021 over
945 3972 1012 4021 thom
1026 3973 1087 4020 with
1099 3989 1141 4037 my
1152 3975 1250 4038 tumily.

181 4042 204 4089 1.
221 4040 364 4087 ecaritate
383 4039 506 4097 warena,
531 4039 648 4085 sententia
666 4035 722 4102 tua]
805 4035 881 4149 maru&
918 4038 1010 4084 aternus
1042 4036 1064 4085 is
1097 4037 1139 4086 the
1170 4043 1237 4088 word
1264 4040 1350 4092 Cicero

145 4102 208 4155 Thi·
224 4103 361 4169 asyndeton
376 4117 435 4177 may
449 4101 480 4150 be
495 4100 617 4151 defended
631 4101 666 4165 by
679 4101 723 4152 tho
772 4115 863 4163 genera
883 4117 967 4165 yuses
983 4101 1045 4150 with
1061 4103 1148 4162 officii:
1165 4118 1203 4166 cp.
1223 4105 1294 4155 Fam.
1312 4110 1347 4156 vi.

144 4168 264 4244 ordinary
289 4167 392 4231 reading
418 4183 445 4215 un
471 4166 566 4216 several
592 4181 719 4242 passages:
775 4169 813 4227 14,
835 4169 865 4223 l;
885 4167 982 4215 Senect.
1002 4170 1041 4225 29,
1060 4169 1106 4226 ³53
1124 4166 1170 4216 but
1186 4184 1244 4217 ortua
1260 4170 1282 4220 is
1297 4172 1350 4222 also

146 4232 217 4284 Fam
234 4233 272 4283 iri.
292 4235 332 4293 12,
352 4236 374 4294 1,
393 4230 441 4295 Ep.
459 4231 627 4288 cclxxv.;1v.
647 4234 669 4292 7,
689 4233 720 4291 6;
772 4230 866 4279 found:
891 4231 964 4280 Roac.
989 4231 1046 4279 Am.
1072 4234 1116 4288 1⁰3
1143 4232 1206 4281 Sull.
1228 4236 1268 4284 65.
1303 4236 1349 4286 Sco

145 4298 191 4349 rii
212 4300 236 4359 5,
262 4301 285 4361 l,
310 4298 369 4346 dre:
394 4311 435 4346 aee
456 4296 544 4346 Reid’s
564 4296 719 4356 Academica,
773 4295 837 4344 Adn.
851 4294 913 4345 erit.

145 4362 165 4414 i.
183 4366 229 4414 ld:
248 4361 346 4427 though
361 4361 383 4411 it
397 4373 464 4411 must
478 4361 508 4411 be
525 4361 651 4410 contessed
666 4362 722 4410 that
805 4362 828 4409 2.
847 4358 954 4423 αὺιήω]
988 4359 1200 4411 ‘moreiruitfuh’

144 4431 299 4492 auctoritato,
315 4429 427 4491 cratim
444 4429 562 4477 uolentia
573 4432 624 4485 tua,
637 4424 721 4477 which
